
@Article{AageAndreLazarov_15_TopOptPetsc,
author="Aage, Niels and Andreassen, Erik and Lazarov, Boyan Stefanov",
title="Topology optimization using PETSc: An easy-to-use, fully parallel, open source topology optimization framework",
journal="Structural and Multidisciplinary Optimization",
year="2015",
volume="51",
number="3",
pages="565--572",
issn="1615-1488",
doi="10.1007/s00158-014-1157-0",
}


@INPROCEEDINGS{Abhyankar_14_TSOPF,
author={Abhyankar, S. and Rao, V. and Anitescu, M.},
booktitle={PES General Meeting | Conference Exposition, 2014 IEEE},
title={Dynamic security constrained optimal power flow using finite difference sensitivities},
year={2014},
pages={1-5},
doi={10.1109/PESGM.2014.6939563},
month={July},}

@article{Alexandrova_01_rom,
year={2001},
issn={1389-4420},
journal={Optimization and Engineering},
volume={2},
number={4},
doi={10.1023/A:1016042505922},
title={An Overview of First-Order Model Management for Engineering Optimization},
url={http://dx.doi.org/10.1023/A%3A1016042505922},
publisher={Kluwer Academic Publishers},
keywords={approximation concepts; approximation management; model management; nonlinear programming; optimal design; surrogate optimization},
author={Alexandrov, Natalia M. and Lewis, Robert Michael},
pages={413-430},
language={English}
}


@ARTICLE{AltmanGondzio99,
  author = {Anna Altman and Jacek Gondzio},
  title = {Regularized symmetric indefinite systems in interior-point methods
	for linear and quadratic optimization},
  journal = {Optimization Methods and Software},
  year = {1999},
  volume = {11},
  pages = {275--302},
  number = {1-4},
  address = {Bristol, PA},
  publisher = {Taylor \& Francis}
}

@ARTICLE{AltmanGondzio99Regulariz,
  author = {Anna Altman and Jacek Gondzio},
  title = {Regularized symmetric indefinite systems in interior-point methods
	for linear and quadratic optimization},
  journal = {Optimization Methods and Software},
  year = {1999},
  volume = {11},
  pages = {275--302},
  number = {1-4},
  address = {Bristol, PA, USA},
  publisher = {Taylor \& Francis}
}

@ARTICLE{MUMPS1,
  author = {Amestoy, Patrick R. and Duff, Iain S. and L'Excellent, Jean-Yves
	and Koster, Jacko},
  title = {A Fully Asynchronous Multifrontal Solver Using Distributed Dynamic
	Scheduling},
  journal = {SIAM J. Matrix Anal. Appl.},
  year = {2001},
  volume = {23},
  pages = {15--41},
  month = {January},
  acmid = {587825},
  address = {Philadelphia, PA, USA},
  doi = {10.1137/S0895479899358194},
  issn = {0895-4798},
  issue = {1},
  keywords = {Gaussian elimination, asynchronous parallelism, distributed memory
	computation, dynamic scheduling, multifrontal methods, sparse linear
	equations},
  numpages = {27},
  publisher = {Society for Industrial and Applied Mathematics},
  url = {http://portal.acm.org/citation.cfm?id=587708.587825}
}

@ARTICLE{MUMPS2,
  author = {Patrick R. Amestoy and Abdou Guermouche and St�phane Pralet},
  title = {Hybrid scheduling for the parallel solution of linear systems},
  journal = {Parallel Computing},
  year = {2006},
  volume = {32},
  pages = {136--156}
}


@article{AlHomidanPetra_10,
title = "Minimal condition number for positive definite Hankel matrices using semidefinite programming ",
journal = "Linear Algebra and its Applications ",
volume = "433",
number = "6",
pages = "1101 -- 1109",
year = "2010",
note = "",
issn = "0024-3795",
doi = "http://dx.doi.org/10.1016/j.laa.2010.04.052",
url = "http://www.sciencedirect.com/science/article/pii/S0024379510002958",
author = "Suliman Al-Homidan and Mohammad M. Alshahrani and Cosmin G. Petra and Florian A. Potra"
}

@article {OdedSigmund_11_reducingCompEffort,
	title = {On reducing computational effort in topology optimization: how far can we go?},
	journal = {Structural and Multidisciplinary Optimization},
	volume = {44},
	year = {2011},
	pages = {25-29},
	doi = {10.1007/s00158-010-0586-7},
	url = {http://www.springerlink.com/content/787r602661400wx2/},
	author = {Amir, Oded and Sigmund, Ole}
}

@INPROCEEDINGS{cassadi_12_dynOpt, 
author={Andersson, J. and Akesson, J. and Diehl, M.}, 
booktitle={Decision and Control (CDC), 2012 IEEE 51st Annual Conference on}, 
title={Dynamic optimization with Cas{A}{D}i}, 
year={2012}, 
month={Dec}, 
pages={681-686}, 
ISSN={0743-1546}
}

@PHDTHESIS{cassadi_13_phdThesis, 
  author = {Joel Andersson},
  title = {{A} {G}eneral-{P}urpose {S}oftware {F}ramework for {D}ynamic {O}ptimization},
  school = {Arenberg Doctoral School, KU Leuven},
  year = {2013},
  type = {{P}h{D} thesis},
  address = {Department of Electrical Engineering (ESAT/SCD) and Optimization in Engineering Center,
             Kasteelpark Arenberg 10, 3001-Heverlee, Belgium},
  month = {October}
}

@ARTICLE{AnYe99,
  author = {E.D. Andersen and Y. Ye},
  title = {On a homogeneous algorithm for the monotone complementarity problem},
  journal = {Math. Program.},
  year = {1999},
  volume = {84},
  pages = {375--399},
  number = {2, Ser. A},
  fjournal = {Mathematical Programming. A Publication of the Mathematical Programming
	Society},
  issn = {0025-5610},
  mrclass = {90C33 (90C51)},
  mrnumber = {2000d:90086},
  mrreviewer = {Shinji Mizuno}
}

@ARTICLE{AnYe98,
  author = {E.D. Andersen and Y. Ye},
  title = {A computational study of the homogeneous algorithm for large-scale
	convex optimization},
  journal = {Comput. Optim. Appl.},
  year = {1998},
  volume = {10},
  pages = {243--280},
  number = {3},
  coden = {CPPPEF},
  fjournal = {Computational Optimization and Applications. An International Journal},
  issn = {0926-6003},
  mrclass = {90C25 (90C33)},
  mrnumber = {99e:90065},
  mrreviewer = {M. Teboulle}
}

@BOOK{laug,
  title = {{LAPACK} Users' Guide},
  publisher = {Society for Industrial and Applied Mathematics},
  year = {1999},
  author = {E. Anderson and Z. Bai and C. Bischof and S. Blackford and J. Demmel
	and J. Dongarra and J. {Du Croz} and A. Greenbaum and S. Hammarling
	and A. McKenney and D. Sorensen},
  address = {Philadelphia, PA,},
  edition = {Third},
  chaptertitle = {{LAPACK} Users' Guide},
  isbn = {0-89871-447-8 (paperback)}
}

@article{ArmGilJeg_00_BFGS-IPM-Convex,
author = {Paul Armand and Jean Charles Gilbert and Sophie Jan-J�gou},
title = {A Feasible BFGS Interior Point Algorithm for Solving Convex Minimization Problems},
journal = {SIAM Journal on Optimization},
volume = {11},
number = {1},
pages = {199-222},
year = {2000},
doi = {10.1137/S1052623498344720}
}

@ARTICLE{ArroyoGaliana_05_pricing, 
author={Arroyo, J.M. and Galiana, F.D.}, 
journal={Power Systems, IEEE Transactions on}, 
title={Energy and reserve pricing in security and network-constrained electricity markets}, 
year={2005}, 
month={May}, 
volume={20}, 
number={2}, 
pages={634-643}, 
doi={10.1109/TPWRS.2005.846221}, 
ISSN={0885-8950},}

@INCOLLECTION{Prekopa_03_ProbConstr,
  author = {Andr\'{a}s and Pr\'{e}kopa},
  title = {Probabilistic Programming},
  booktitle = {Stochastic Programming},
  publisher = {Elsevier},
  year = {2003},
  editor = {A. Ruszczynski, and A. Shapiro},
  volume = {10},
  series = {Handbooks in Operations Research and Management Science},
  pages = {267 - 351},
  doi = {10.1016/S0927-0507(03)10005-9},
  issn = {0927-0507},
  url = {http://www.sciencedirect.com/science/article/pii/S0927050703100059}
}

@ARTICLE{kumar2014smart,
  author = {Kumar, Ankur and Baldea, Michael and Edgar, Thomas F and Ezekoye,
	Ofodike},
  title = {Smart Manufacturing Approach for Efficient Operation of Industrial
	Steam-Methane Reformers},
  journal = {Industrial \& Engineering Chemistry Research},
  year = {2014},
  owner = {anitescu},
  publisher = {ACS Publications},
  timestamp = {2015.01.07}
}


@incollection{BankGill_03_pdeOpt,
year={2003},
isbn={978-3-540-05045-2},
booktitle={Large-scale {PDE}-constrained Optimization},
volume={30},
series={Lecture Notes in Computational Science and Engineering},
editor={Biegler, Lorenz T. and Heinkenschloss, Matthias and Ghattas, Omar and van Bloemen Waanders, Bart},
doi={10.1007/978-3-642-55508-4_13},
title={Interior Methods For a Class of Elliptic Variational Inequalities},
url={http://dx.doi.org/10.1007/978-3-642-55508-4_13},
publisher={Springer Berlin Heidelberg},
author={Bank, Randolph E. and Gill, Philip E. and Marcia, Roummel F.},
pages={218-235},
language={English}
}


@article{Barton_15_syngas,
year={2015},
journal={Biotechnology for Biofuels},
eid={89},
volume={8},
number={1},
doi={10.1186/s13068-015-0272-5},
title={Metabolic modeling of synthesis gas fermentation in bubble column reactors},
url={http://dx.doi.org/10.1186/s13068-015-0272-5},
publisher={BioMed Central},
keywords={Metabolic modeling; Bioprocess engineering; Microbial fermentation; Ethanol production},
author={Chen, Jin and Gomez, Jose A. and H{\"o}ffner, Kai and Barton, Paul I. and Henson, Michael A.},
language={English}
}

@article{Barton_15_ContinuousMan,
author = {Ali M. Sahlodin  and Paul Inigo Barton },
title = {Optimal Campaign Continuous Manufacturing},
journal = {Industrial \& Engineering Chemistry Research},
volume = {55},
number = {Oct},
pages = {1--12},
year = {2015}
}

@article{Barton_98_dynOptimDiscont,
author = {Paul I. Barton  and Russell J. Allgor  and William F. Feehery  and Santos Gal\'{a}n},
title = {Dynamic Optimization in a Discontinuous World},
journal = {Industrial \& Engineering Chemistry Research},
volume = {37},
number = {3},
pages = {966-981},
year = {1998}
}

@book{Bendsoe_book,
author = {Martin P. Bends{\o}e and Ole Sigmund },
title = {Topology Optimization},
publisher = {Springer Berlin Heidelberg},
year = {2004},
address = {},
edition   = {},
}




@ARTICLE{Benzi05numericalsolution,
  author = {Michele Benzi and Gene H. Golub and J{\"o}rg Liesen},
  title = {Numerical solution of saddle point problems},
  journal = {ACTA NUMERICA},
  year = {2005},
  volume = {14},
  pages = {1--137}
}

@ARTICLE{BermaGondzioZilli04,
  author = {Luca Bergamaschi and Jacek Gondzio and Giovanni Zilli},
  title = {Preconditioning Indefinite Systems in Interior Point Methods for
	Optimization},
  journal = {Computational Optimization and Applications},
  year = {2004},
  volume = {28},
  pages = {149--171},
  number = {2},
  address = {Norwell, MA},
  issn = {0926-6003},
  publisher = {Kluwer Academic Publishers}
}

@ARTICLE{BermaGondzioZilli04,
  author = {Luca Bergamaschi and Jacek Gondzio and Giovanni Zilli},
  title = {Preconditioning Indefinite Systems in Interior Point Methods for
	Optimization},
  journal = {Computational Optimization and Applications},
  year = {2004},
  volume = {28},
  pages = {149--171},
  number = {2},
  address = {Norwell, MA, USA},
  doi = {http://dx.doi.org/10.1023/B:COAP.0000026882.34332.1b},
  issn = {0926-6003},
  publisher = {Kluwer Academic Publishers}
}

@article{Julia14,
  author    = {Jeff Bezanson and
               Alan Edelman and
               Stefan Karpinski and
               Viral B. Shah},
  title     = {Julia: {A} Fresh Approach to Numerical Computing},
  journal   = {CoRR},
  volume    = {abs/1411.1607},
  year      = {2014},
  url       = {http://arxiv.org/abs/1411.1607},
  timestamp = {Wed, 13 Mar 4459252 03:52:48 +},
  biburl    = {http://dblp.uni-trier.de/rec/bib/journals/corr/BezansonEKS14},
  bibsource = {dblp computer science bibliography, http://dblp.org}
}

@article{KameswaranBiegler_08_ineqPathConstr,
author = {Shivakumar Kameswaran and Lorenz T. Biegler},
title = {Advantages of Nonlinear-Programming-Based Methodologies for Inequality Path-Constrained Optimal Control Problems—A Numerical Study},
journal = {SIAM Journal on Scientific Computing},
volume = {30},
number = {2},
pages = {957-981},
year = {2008},
doi = {10.1137/050644938}
}


@book{Srivatsanr_book,
author = {T.S. Srivatsan and T.S. Sudarshan},
title = {Additive Manufacturing: {I}nnovations, {A}dvances, and {A}pplications},
publisher = {CRC Press},
year = {2015},
address = {Boca Raton, FL},
}

@book{Biegler_book,
author = {Biegler, L.},
title = {Nonlinear Programming},
publisher = {Society for Industrial and Applied Mathematics},
year = {2010},
doi = {10.1137/1.9780898719383},
address = {},
edition   = {},
URL = {http://epubs.siam.org/doi/abs/10.1137/1.9780898719383},
eprint = {http://epubs.siam.org/doi/pdf/10.1137/1.9780898719383}
}



@article{Assassa2014242,
title = "Dynamic optimization using adaptive direct multiple shooting ",
journal = "Computers and Chemical Engineering ",
volume = "60",
number = "",
pages = "242--259",
year = "2014",
note = "",
issn = "0098-1354",
doi = "http://dx.doi.org/10.1016/j.compchemeng.2013.09.017",
url = "http://www.sciencedirect.com/science/article/pii/S0098135413002986",
author = "Fady Assassa and Wolfgang Marquardt"
}




@incollection{Benner05_POD,
year={2005},
isbn={978-3-540-24545-2},
booktitle={Dimension Reduction of Large-Scale Systems},
volume={45},
series={Lecture Notes in Computational Science and Engineering},
editor={Benner, Peter and Sorensen, Danny C. and Mehrmann, Volker},
doi={10.1007/3-540-27909-1_10},
title={Proper Orthogonal Decomposition Surrogate Models for Nonlinear Dynamical Systems: Error Estimates and Suboptimal Control},
url={http://dx.doi.org/10.1007/3-540-27909-1_10},
publisher={Springer Berlin Heidelberg},
author={Hinze, Michael and Volkwein, Stefan},
pages={261-306},
language={English}
}



@TECHREPORT{Birge95currenttrends,
  author = {John R. Birge},
  title = {Current Trends in Stochastic Programming Computation and Applications},
  institution = {Department of Industrial and Operations Engineering, University of
	Michigan, Ann Harbour, Michigan},
  year = {1995}
}

@TECHREPORT{Birge95StochNewton,
  author = {John R. Birge and Xiaojun Chen and Liqun Qi},
  title = {A Stochastic {N}ewton Method for Stochastic Quadratic Programs with
	Recourse},
  institution = {Applied Mathematics Preprint AM94/9, School of Mathematics, the University
	of New South Wales},
  year = {1995}
}

@ARTICLE{246659,
  author = {John R. Birge and Christopher J. Donohue and Derek F. Holmes and
	Oleg G. Svintsitski},
  title = {A parallel implementation of the nested decomposition algorithm for
	multistage stochastic linear programs},
  journal = {Math. Program.},
  year = {1996},
  volume = {75},
  pages = {327--352},
  number = {2},
  address = {Secaucus, NJ, USA},
  doi = {http://dx.doi.org/10.1007/BF02592158},
  issn = {0025-5610},
  publisher = {Springer-Verlag New York, Inc.}
}

@ARTICLE{246659,
  author = {John R. Birge and Christopher J. Donohue and Derek F. Holmes and
	Oleg G. Svintsitski},
  title = {A parallel implementation of the nested decomposition algorithm for
	multistage stochastic linear programs},
  journal = {Math. Program.},
  year = {1996},
  volume = {75},
  pages = {327--352},
  number = {2},
  address = {Secaucus, NJ},
  issn = {0025-5610},
  publisher = {Springer-Verlag New York, Inc.}
}

@ARTICLE{BirgeHolmes92StochLP,
  author = {John R. Birge and Derek F. Holmes},
  title = {Efficient solution of two stage stochastic linear programs using
	interior point methods},
  journal = {Computational Optimization and Applications},
  year = {1992},
  volume = {1},
  pages = {245--276}
}

@BOOK{Birge97Book,
  title = {Introduction to stochastic programming},
  publisher = {Springer-Verlag},
  year = {1997},
  author = {John R. Birge and Fran\c{c}ois Louveaux},
  pages = {xx+421},
  address = {New York,},
  chaptertitle = {Introduction to stochastic programming},
  isbn = {0-387-98217-5}
}

@ARTICLE{BirgeQi88BlockAngularKarmakar,
  author = {John R. Birge and Liqum Qi},
  title = {Computing block-angular {K}armarkar projections with applications
	to stochastic programming},
  journal = {Manage. Sci.},
  year = {1988},
  volume = {34},
  pages = {1472--1479},
  number = {12},
  address = {Institute for Operations Research and the Management Sciences (INFORMS),
	Linthicum, Maryland},
  issn = {0025-1909},
  publisher = {INFORMS}
}


@article{BirosGhattas_05_LagNewKrySch,
author = {Biros, G. and Ghattas, O.},
title = {Parallel Lagrange--Newton--Krylov--Schur Methods for PDE-Constrained Optimization. Part I: The Krylov--Schur Solver},
journal = {SIAM Journal on Scientific Computing},
volume = {27},
number = {2},
pages = {687-713},
year = {2005},
doi = {10.1137/S106482750241565X}
}


@inproceedings{magma1,
 author = {F.~Song and S.~Tomov and J.~Dongarra},
 title = "Enabling and Scaling Matrix Computations on Heterogeneous Multi-Core and Multi-GPU Systems",
 booktitle = {6th ACM International Conference on Supercomputing},
 series = {(ICS 2012)},
 mont = {June},
 year = {2012},
 location = {San Servolo Island, Venice, Italy},
 publisher = {ACM},
 address = {New York, NY, USA},
} 

@BOOK{plapack,
  title = {Using PLAPACK},
  publisher = {MIT Press},
  year = {1997},
  author = {Robert A. {van de Geijn}},
  month = {March},
  chaptertitle = {Using PLAPACK}
}


@BOOK{slug,
  title = {{ScaLAPACK} Users' Guide},
  publisher = {Society for Industrial and Applied Mathematics},
  year = {1997},
  author = {L. S. Blackford and J. Choi and A. Cleary and E. D'Azevedo and J.
	Demmel and I. Dhillon and J. Dongarra and S. Hammarling and G. Henry
	and A. Petitet and K. Stanley and D. Walker and R. C. Whaley},
  address = {Philadelphia, PA},
  chaptertitle = {{ScaLAPACK} Users' Guide},
  isbn = {0-89871-397-8 (paperback)}
}

@ARTICLE{782648,
  author = {J{\"o}rgen Blomvall},
  title = {A multistage stochastic programming algorithm suitable for parallel
	computing},
  journal = {Parallel Comput.},
  year = {2003},
  volume = {29},
  pages = {431--445},
  number = {4},
  address = {Amsterdam, The Netherlands, The Netherlands},
  doi = {http://dx.doi.org/10.1016/S0167-8191(03)00015-2},
  issn = {0167-8191},
  publisher = {Elsevier Science Publishers B. V.}
}

@ARTICLE{782648,
  author = {J{\"o}rgen Blomvall},
  title = {A multistage stochastic programming algorithm suitable for parallel
	computing},
  journal = {Parallel Comput.},
  year = {2003},
  volume = {29},
  pages = {431--445},
  number = {4},
  address = {Amsterdam, The Netherlands, The Netherlands},
  issn = {0167-8191},
  publisher = {Elsevier Science Publishers B. V.}
}

@article{KirchesBock_11_qpMultipleShooting,
author = { Christian   Kirches  and  Hans   Georg   Bock  and  Johannes   P.   Schlöder  and  Sebastian   Sager },
title = {Block-structured quadratic programming for the direct multiple shooting method for optimal control},
journal = {Optimization Methods and Software},
volume = {26},
number = {2},
pages = {239-257},
year = {2011},
doi = {10.1080/10556781003623891}
}

@incollection{bock1981numerical,
  title={Numerical treatment of inverse problems in chemical reaction kinetics},
  author={Bock, Hans Georg},
  booktitle={Modelling of chemical reaction systems},
  pages={102--125},
  year={1981},
  publisher={Springer}
}

@article{diehl2002real,
  title={Real-time optimization and nonlinear model predictive control of processes governed by differential-algebraic equations},
  author={Diehl, Moritz and Bock, H Georg and Schl{\"o}der, Johannes P and Findeisen, Rolf and Nagy, Zoltan and Allg{\"o}wer, Frank},
  journal={Journal of Process Control},
  volume={12},
  number={4},
  pages={577--585},
  year={2002},
  publisher={Elsevier}
}

@article{bock2007constrained,
  title={Constrained Optimal Feedback Control of Systems Governed by Large Differential Algebraic},
  author={Bock, Hans Georg and Diehl, Moritz and Kostina, Ekaterina and Schlo'der, Johannes P},
  journal={Real-time PDE-constrained optimization},
  volume={3},
  pages={1},
  year={2007},
  publisher={SIAM}
}


@article{leineweber2003efficient,
  title={An efficient multiple shooting based reduced SQP strategy for large-scale dynamic process optimization. Part 1: theoretical aspects},
  author={Leineweber, Daniel B and Bauer, Irene and Bock, Hans Georg and Schl{\"o}der, Johannes P},
  journal={Computers \& Chemical Engineering},
  volume={27},
  number={2},
  pages={157--166},
  year={2003},
  publisher={Elsevier}
}

@article{leineweber2003efficient2,
  title={An efficient multiple shooting based reduced SQP strategy for large-scale dynamic process optimization: Part II: Software aspects and applications},
  author={Leineweber, Daniel B and Sch{\"a}fer, Andreas and Bock, Hans Georg and Schl{\"o}der, Johannes P},
  journal={Computers \& chemical engineering},
  volume={27},
  number={2},
  pages={167--174},
  year={2003},
  publisher={Elsevier}
}



@article{kirches2012efficient,
  title={Efficient direct multiple shooting for nonlinear model predictive control on long horizons},
  author={Kirches, C and Wirsching, L and Bock, HG and Schl{\"o}der, JP},
  journal={Journal of Process Control},
  volume={22},
  number={3},
  pages={540--550},
  year={2012},
  publisher={Elsevier}
}


@BOOK{BonnansShapiroBook,
  title = {Perturbation Analysis of Optimization Problems},
  publisher = {Springer-Verlag},
  year = {2000},
  author = {    J. F. Bonnans and Alexander Shapiro},
  pages = {1--421},
  address = {New York,},
  chaptertitle = {Perturbation Analysis of Optimization Problems},
  isbn = {978-1-4612-7129-1}
}

@ARTICLE{BouffardGalianaConejo_05_clearing, 
author={Bouffard, F. and Galiana, F.D. and Conejo, A.J.}, 
journal={Power Systems, IEEE Transactions on}, 
title={Market-clearing with stochastic security-part I: formulation}, 
year={2005}, 
month={Nov}, 
volume={20}, 
number={4}, 
pages={1818-1826}, 
ISSN={0885-8950}
}

@article{BordesBottou_09_stochQN,
 author = {Bordes, Antoine and Bottou, L{\'e}on and Gallinari, Patrick},
 title = {SGD-QN: Careful Quasi-Newton Stochastic Gradient Descent},
 journal = {J. Mach. Learn. Res.},
 issue_date = {12/1/2009},
 volume = {10},
 month = dec,
 year = {2009},
 issn = {1532-4435},
 pages = {1737--1754},
 numpages = {18},
 publisher = {JMLR.org},
} 

@article{Boyd_11_distribOptim,
 author = {Boyd, Stephen and Parikh, Neal and Chu, Eric and Peleato, Borja and Eckstein, Jonathan},
 title = {Distributed Optimization and Statistical Learning via the Alternating Direction Method of Multipliers},
 journal = {Found. Trends Mach. Learn.},
 issue_date = {January 2011},
 volume = {3},
 number = {1},
 month = {January},
 year = {2011},
 issn = {1935-8237},
 pages = {1--122},
 numpages = {122},
 url = {http://dx.doi.org/10.1561/2200000016},
 doi = {10.1561/2200000016},
 acmid = {2185816},
 publisher = {Now Publishers Inc.},
 address = {Hanover, MA, USA},
} 




@book{Briggs_Book,
author = {Briggs, W. and Henson, V. and McCormick, S.},
title = {A Multigrid Tutorial, Second Edition},
publisher = {Society for Industrial and Applied Mathematics},
year = {2000},
doi = {10.1137/1.9780898719505},
address = {},
edition   = {Second},
URL = {http://epubs.siam.org/doi/abs/10.1137/1.9780898719505},
eprint = {http://epubs.siam.org/doi/pdf/10.1137/1.9780898719505}
}


@ARTICLE{gams,
  author = {A.~Brook and D.~Kendrick and A.~Meeraus},
  title = {{GAMS}, a user's guide},
  journal = {ACM SIGNUM Newsletter},
  year = {1988},
  volume = {23},
  pages = {10--11}
}


@ARTICLE{bunchkaufman,
  author = {James R. Bunch and Linda Kaufman},
  title = {Some Stable Methods for Calculating Inertia and Solving Symmetric
	Linear Systems},
  journal = {Mathematics of Computation},
  year = {1977},
  volume = {31},
  pages = {163--179},
  number = {137},
  abstract = {Several decompositions of symmetric matrices for calculating inertia
	and solving systems of linear equations are discussed. New partial
	pivoting strategies for decomposing symmetric matrices are introduced
	and analyzed.},
  copyright = {Copyright � 1977 American Mathematical Society},
  issn = {00255718},
  jstor_articletype = {primary\_article},
  jstor_formatteddate = {Jan., 1977},
  publisher = {American Mathematical Society}
}

@ARTICLE{symindef,
  author = {J. R. Bunch and B. N. Parlett},
  title = {Direct Methods for Solving Symmetric Indefinite Systems of Linear
	Equations},
  journal = {SIAM Journal on Numerical Analysis},
  year = {1971},
  volume = {8},
  pages = {639--655},
  number = {4},
  month = dec
}

@ARTICLE{cao02ConstraintNonSym,
  author = {Zhi-Hao Cao},
  title = {A Note on Constraint Preconditioning for Nonsymmetric Indefinite
	Matrices},
  journal = {SIAM Journal on Matrix Analysis and Applications},
  year = {2002},
  volume = {24},
  pages = {121--125},
  number = {1},
  keywords = {preconditioning, indefinite matrix, minimal polynomial},
  publisher = {SIAM}
}

@ARTICLE{cao02ConstraintNonSym,
  author = {Zhi-Hao Cao},
  title = {A Note on Constraint Preconditioning for Nonsymmetric Indefinite
	Matrices},
  journal = {SIAM Journal on Matrix Analysis and Applications},
  year = {2002},
  volume = {24},
  pages = {121--125},
  number = {1},
  doi = {10.1137/S0895479801391424},
  keywords = {preconditioning, indefinite matrix, minimal polynomial},
  publisher = {SIAM}
}

@article{CaoPetzoldSerban_02_adjointSens,
 author = {Cao, Yang and Li, Shengtai and Petzold, Linda and Serban, Radu},
 title = {Adjoint Sensitivity Analysis for Differential-Algebraic Equations: The Adjoint DAE System and Its Numerical Solution},
 journal = {SIAM J. Sci. Comput.},
 issue_date = {2002},
 volume = {24},
 number = {3},
 month = mar,
 year = {2002},
 issn = {1064-8275},
 pages = {1076--1089},
 numpages = {14},
 url = {http://dx.doi.org/10.1137/S1064827501380630},
 doi = {10.1137/S1064827501380630},
 acmid = {606684},
 publisher = {Society for Industrial and Applied Mathematics},
 address = {Philadelphia, PA, USA},
 keywords = {DAE, adjoint method, sensitivity analysis},
} 


@ARTICLE{Carrion07,
  author = {Carrion, M. and Philpott, A.B. and Conejo, A.J. and Arroyo, J.M.},
  title = {A Stochastic Programming Approach to Electric Energy Procurement
	for Large Consumers},
  journal = {IEEE Transactions on Power Systems},
  year = {2007},
  volume = {22},
  pages = {744-754},
  number = {2},
  month = {may },
  issn = {0885-8950}
}

@INPROCEEDINGS{Chiang_14_PIPSNLP,
author={Naiyuan Chiang and Petra, C. G. and Zavala, V.M.},
booktitle={Power Systems Computation Conference (PSCC), 2014},
title={Structured nonconvex optimization of large-scale energy systems using {PIPS-NLP}},
year={2014},
month={Aug},
pages={1-7},
doi={10.1109/PSCC.2014.7038374}
}

@TECHREPORT{MUMPSsmp,
  author = {Chowdhury, Indranil and L'Excellent, Jean-Yves},
  title = {Some Experiments and Issues to Exploit Multicore Parallelism in a
	Distributed-Memory Parallel Sparse Direct Solver},
  institution = {INRIA},
  year = {2010},
  number = {RR-7411},
  month = {October}
}

@book{ConnGouldTointBOOK,
 author = {Conn, Andrew R. and Gould, Nicholas I. M. and Toint, Philippe L.},
 title = {Trust-region Methods},
 year = {2000},
 isbn = {0-89871-460-5},
 publisher = {Society for Industrial and Applied Mathematics},
 address = {Philadelphia, PA, USA},
} 

@book{conn2009introduction,
  title={Introduction to Derivative--free Optimization},
  author={Conn, A.R. and Scheinberg, K. and Vicente, L.N.},
  isbn={9780898718768},
  series={MOS-SIAM series on optimization},
  url={https://books.google.com/books?id=7c7X6tlcaHEC},
  year={2009},
  publisher={Society for Industrial and Applied Mathematics (SIAM, 3600 Market Street, Floor 6, Philadelphia, PA 19104)}
} 


@ARTICLE{Constantinescu11_UC,
  author = {Constantinescu, E.M. and Zavala, V.M. and Rocklin, M. and Sangmin
	Lee and Anitescu, M.},
  title = {A Computational Framework for Uncertainty Quantification and Stochastic
	Optimization in Unit Commitment With Wind Power Generation},
  journal = {IEEE Transactions on Power Systems},
  year = {2011},
  volume = {26},
  pages = {431-441},
  number = {1},
  month = {feb. },
  issn = {0885-8950}
}

@TECHREPORT{pcx96,
  author = {Joseph Czyzyk and Sanjay Mehrotra and Stephen J. Wright},
  title = {{P}{C}x User Guide},
  institution = {Optimization Technology Center, Argonne National Laboratory and Northwestern
	University},
  year = {1996},
  number = {OTC 96/01},
  month = {October}
}

@INCOLLECTION{DantzigInfanger92,
  author = {George B. Dantzig and Gerd Infanger},
  title = {Large-scale stochastic linear programs -- {I}mportance sampling and
	{B}enders decomposition},
  booktitle = {Computational and Applied Mathematics, I},
  publisher = {North-Holland},
  year = {1992},
  pages = {111--120},
  address = {Amsterdam}
}

@BOOK{davis2006direct,
  title = {Direct methods for sparse linear systems},
  publisher = {Society for Industrial Mathematics},
  year = {2006},
  author = {Davis, T.A.},
  volume = {2}
}

@article{DennisMore_1977_QuasiNewton,
  title={Quasi-Newton methods, motivation and theory},
  author={Dennis, Jr, John E and Mor{\'e}, Jorge J},
  journal={SIAM review},
  volume={19},
  number={1},
  pages={46--89},
  year={1977},
  publisher={SIAM}
}

@article{DennisMore_1974_SuperlinearQuasiNewton,
  title={A characterization of superlinear convergence and its application to quasi-Newton methods},
  author={Dennis, JE and Mor{\'e}, Jorge J},
  journal={Mathematics of computation},
  volume={28},
  number={126},
  pages={549--560},
  year={1974}
}
@article{dennis1989convergence,
  title={Convergence theory for the structured {BFGS} secant method with an application to nonlinear least squares},
  author={Dennis Jr., John E. and Martinez, H{\'e}ctor J and Tapia, Richard A.},
  journal={Journal of Optimization Theory and Applications},
  volume={61},
  number={2},
  pages={161--178},
  year={1989},
  publisher={Springer}
}

@article{Dennis81convergencetheorems,
author = {Dennis Jr., John E.  and Homer F. Walker},
title = {Convergence Theorems for Least-Change Secant Update Methods},
journal = {SIAM Journal on Numerical Analysis},
volume = {18},
number = {6},
pages = {949-987},
year = {1981},
doi = {10.1137/0718067}
}


@ARTICLE{DollarGouldSchildresWathen06ImplicitFactPrecond,
  author = {H. Sue Dollar and Nicholas I. M. Gould and Wil H. A. Schilders and
	Andrew J. Wathen},
  title = {Implicit-Factorization Preconditioning and Iterative Solvers for
	Regularized Saddle-Point Systems},
  journal = {SIAM Journal on Matrix Analysis and Applications},
  year = {2006},
  volume = {28},
  pages = {170--189},
  number = {1},
  keywords = {regularized saddle-point systems, implicit-factorization preconditioners},
  publisher = {SIAM}
}

@ARTICLE{DollarGouldSchildresWathen06ImplicitFactPrecond,
  author = {H. Sue Dollar and Nicholas I. M. Gould and Wil H. A. Schilders and
	Andrew J. Wathen},
  title = {Implicit-Factorization Preconditioning and Iterative Solvers for
	Regularized Saddle-Point Systems},
  journal = {SIAM Journal on Matrix Analysis and Applications},
  year = {2006},
  volume = {28},
  pages = {170--189},
  number = {1},
  doi = {10.1137/05063427X},
  keywords = {regularized saddle-point systems, implicit-factorization preconditioners},
  publisher = {SIAM}
}

@ARTICLE{DollarWathen06ApproxFactConstrPrecond,
  author = {H. Sue Dollar and Andrew J. Wathen},
  title = {Approximate Factorization Constraint Preconditioners for Saddle-Point
	Matrices},
  journal = {SIAM Journal on Scientific Computing},
  year = {2006},
  volume = {27},
  pages = {1555--1572},
  number = {5},
  keywords = {preconditioning, indefinite linear systems, Krylov subspace methods,
	conjugate gradient method},
  publisher = {SIAM}
}

@ARTICLE{DollarWathen06ApproxFactConstrPrecond,
  author = {H. S. Dollar and A. J. Wathen},
  title = {Approximate Factorization Constraint Preconditioners for Saddle-Point
	Matrices},
  journal = {SIAM Journal on Scientific Computing},
  year = {2006},
  volume = {27},
  pages = {1555--1572},
  number = {5},
  doi = {10.1137/04060768X},
  keywords = {preconditioning, indefinite linear systems, Krylov subspace methods,
	conjugate gradient method},
  publisher = {SIAM}
}

@ARTICLE{DragaPetra_12_BoxMultigrid,
  author = {Dr\u{a}g\u{a}nescu, A. and Petra, C. G.},
  title = {Multigrid Preconditioning of Linear Systems for Interior Point Methods
	Applied to a Class of Box-constrained Optimal Control Problems},
  journal = {SIAM Journal on Numerical Analysis},
  year = {2012},
  volume = {50},
  pages = {328-353},
  number = {1},
  doi = {10.1137/100786502},
  eprint = {http://locus.siam.org/doi/pdf/10.1137/100786502},
  url = {http://locus.siam.org/doi/abs/10.1137/100786502}
}

@article{Dreyer200067,
title = "Multigrid optimization in applications ",
journal = "Journal of Computational and Applied Mathematics ",
volume = "120",
number = "1–2",
pages = "67 - 84",
year = "2000",
note = "",
issn = "0377-0427",
doi = "http://dx.doi.org/10.1016/S0377-0427(00)00304-6",
url = "http://www.sciencedirect.com/science/article/pii/S0377042700003046",
author = "Thomas Dreyer and Bernd Maar and Volker Schulz",
keywords = "Partially reduced \{SQP\} methods",
keywords = "Multigrid methods",
keywords = "Turbine blade optimization",
keywords = "Topology optimization ",
abstract = "Iterative techniques are a key methodology for the numerical solution of optimization problems in differential equations. In two practical application problems with different characteristics, this paper shows, how multigrid methods can be applied efficiently to this problem class. Problem formulations, solution approaches as well as numerical results are presented. "
}



@ARTICLE{Duff04Ma57,
  author = {Iain S. Duff},
  title = {MA57---a code for the solution of sparse symmetric definite and indefinite
	systems},
  journal = {ACM Trans. Math. Softw.},
  year = {2004},
  volume = {30},
  pages = {118--144},
  number = {2},
  address = {New York, NY},
  doi = {http://doi.acm.org/10.1145/992200.992202},
  issn = {0098-3500},
  publisher = {ACM}
}

@article{DunningHuchLubin_15_jump,
title     = {{JuMP}: {A} modeling language for mathematical optimization},
author    = {Iain Dunning and Joey Huchette and Miles Lubin},
  Journal                  = {Optimization-online.org},
  Year                     = {2015},
  Month                    = {April}
} 

@article{eckstein2014understanding,
  title={Understanding the convergence of the alternating direction method of multipliers: Theoretical and computational perspectives},
  author={Eckstein, Jonathan and Yao, Wang},
  journal={Pacific Journal on Optimization, to appear},
  year={2014}
}

@article{Entriken_96_StaircaseDecomposition,
author = {Robert Entriken},
title = {Parallel Decomposition: Results for Staircase Linear Programs},
journal = {SIAM Journal on Optimization},
volume = {6},
number = {4},
pages = {961-977},
year = {1996},
doi = {10.1137/S1052623494253286}
}


@INCOLLECTION{Ermoliev88,
  author = {Yury M. Ermoliev},
  title = {Stochastic quasigradient methods},
  booktitle = {Numerical techniques for stochastic optimization},
  publisher = {Springer},
  year = {1988},
  volume = {10},
  series = {Springer Ser. Comput. Math.},
  pages = {141--185},
  address = {Berlin}
}

@incollection{fahl2003reduced,
  title={Reduced order modelling approaches to PDE-constrained optimization based on proper orthogonal decomposition},
  author={Fahl, Marco and Sachs, Ekkehard W},
  booktitle={Large-scale PDE-constrained optimization},
  pages={268--280},
  year={2003},
  publisher={Springer Berlin Heidelberg}
}

@article{FalgoutFriedhoff_14_parallelInTimeMultigrid,
author = {R. D. Falgout and S. Friedhoff and Tz. V. Kolev and S. P. MacLachlan and J. B. Schroder},
title = {Parallel Time Integration with Multigrid},
journal = {SIAM Journal on Scientific Computing},
volume = {36},
number = {6},
pages = {C635-C661},
year = {2014},
doi = {10.1137/130944230}
}


@MISC{ferc13em,
  author = {{Federal Energy Regulatory Commission}},
  title = {Electric Power Markets: National Overview},
  howpublished = {Webpage},
  note = {http://www.ferc.gov/market-oversight/mkt-electric/overview.asp, retrieved
	April 2013},
  owner = {anitescu},
  timestamp = {2013.04.08}
}

@ARTICLE{finardi2005solving,
  author = {Finardi, Erlon C and Silva, Edson L da and Sagastiz{\'a}bal, Claudia},
  title = {Solving the unit commitment problem of hydropower plants via Lagrangian
	relaxation and sequential quadratic programming},
  journal = {Computational \& applied mathematics},
  year = {2005},
  volume = {24},
  pages = {317--342},
  number = {3},
  owner = {anitescu},
  publisher = {SciELO Brasil},
  timestamp = {2013.04.18}
}

@article{fletcher_87_hybrid,
  title={Hybrid methods for nonlinear least squares},
  author={Fletcher, R and Xu, C},
  journal={IMA Journal of Numerical Analysis},
  volume={7},
  number={3},
  pages={371--389},
  year={1987},
  publisher={Oxford University Press}
}


@ARTICLE{ForsgrenGillGriffin07AugSys,
  author = {Anders Forsgren and Philip E. Gill and Joshua D. Griffin},
  title = {Iterative Solution of Augmented Systems Arising in Interior Methods},
  journal = {SIAM Journal on Optimization},
  year = {2007},
  volume = {18},
  pages = {666--690},
  number = {2},
  keywords = {large-scale nonlinear programming, nonconvex optimization, interior
	methods, augmented systems, KKT systems, iterative methods, conjugate-gradient
	method, constraint preconditioning},
  publisher = {SIAM}
}

@ARTICLE{ForsgrenGillGriffin07AugSys,
  author = {Anders Forsgren and Philip E. Gill and Joshua D. Griffin},
  title = {Iterative Solution of Augmented Systems Arising in Interior Methods},
  journal = {SIAM Journal on Optimization},
  year = {2007},
  volume = {18},
  pages = {666--690},
  number = {2},
  doi = {10.1137/060650210},
  keywords = {large-scale nonlinear programming, nonconvex optimization, interior
	methods, augmented systems, KKT systems, iterative methods, conjugate-gradient
	method, constraint preconditioning},
  publisher = {SIAM}
}

@BOOK{ampl,
  title = {AMPL},
  publisher = {The Scientific Press},
  year = {1993},
  author = {R.~Fourer and D.~Gay and B.~Kernighan},
  address = { South San Francisco}
}



@article{fourer_12_evolution,
  title={On the evolution of optimization modeling systems},
  author={Fourer, Robert},
  journal={Optimization Stories},
  pages={377--388},
  year={2012}
}

@article{Fourer_84_staircase,
author = {Robert Fourer},
title = {Staircase Matrices and Systems},
journal = {SIAM Review},
volume = {26},
number = {1},
pages = {1-70},
year = {1984},
doi = {10.1137/1026001}
}

@article{GanderVandewalle_07_parareal,
author = {Martin J.  Gander and Stefan  Vandewalle},
title = {Analysis of the Parareal Time‐Parallel Time‐Integration Method},
journal = {SIAM Journal on Scientific Computing},
volume = {29},
number = {2},
pages = {556-578},
year = {2007},
doi = {10.1137/05064607X}
}

@incollection{GouldLucidiRomaToint_98_MemoryTR,
year={1998},
isbn={978-1-4613-3281-7},
booktitle={High Performance Algorithms and Software in Nonlinear Optimization},
volume={24},
series={Applied Optimization},
editor={De Leone, Renato and Murli, Almerico and Pardalos, PanosM. and Toraldo, Gerardo},
doi={10.1007/978-1-4613-3279-4_14},
title={A Linesearch Algorithm with Memory for Unconstrained Optimization},
url={http://dx.doi.org/10.1007/978-1-4613-3279-4_14},
publisher={Springer US},
author={Gould, NicholasI.M. and Lucidi, Stefano and Roma, Massimo and Toint, PhilippeL.},
pages={207-223},
language={English}
}



@ARTICLE{guler95Nonlinear,
  author = {Osman G{\"u}ler},
  title = {Existence of interior points and interior paths in nonlinear monotone
	complementarity problems},
  journal = {Math. Oper. Res.},
  year = {1993},
  volume = {18},
  pages = {128--147},
  number = {1},
  address = {Institute for Operations Research and the Management Sciences (INFORMS),
	Linthicum, Maryland},
  issn = {0364-765X},
  publisher = {INFORMS}
}

@ARTICLE{guler95Nonlinear,
  author = {O. G{\"u}ler},
  title = {Existence of interior points and interior paths in nonlinear monotone
	complementarity problems},
  journal = {Math. Oper. Res.},
  year = {1993},
  volume = {18},
  pages = {128--147},
  number = {1},
  address = {Institute for Operations Research and the Management Sciences (INFORMS),
	Linthicum, Maryland, USA},
  issn = {0364-765X},
  publisher = {INFORMS}
}

@article{GulerGurtuShev_09_quasiNewton,
 author = {Guler, Osman and Gurtuna, Filiz and Shevchenko, Olena},
 title = {Duality in quasi-{N}ewton Methods and New Variational Characterizations of the {DFP} and {BFGS} Updates},
 journal = {Optimization Methods Software},
 volume = {24},
 number = {1},
 month = {Feb},
 year = {2009},
 issn = {1055-6788},
 pages = {45--62},
 numpages = {18},
 url = {http://dx.doi.org/10.1080/10556780802367205},
 doi = {10.1080/10556780802367205},
 acmid = {1477849},
 publisher = {Taylor \& Francis, Inc.},
 address = {Bristol, PA, USA}
} 



@ARTICLE{GerWri03:ooqp,
  author = {E. Michael Gertz and Stephen J. Wright},
  title = {Object-oriented software for quadratic programming},
  journal = {ACM Transactions on Mathematical Software},
  year = {2003},
  volume = {29},
  pages = {58--81},
  number = {1},
  address = {New York, NY},
  issn = {0098-3500},
  publisher = {ACM Press}
}

@TECHREPORT{GerWri02:ooqp,
  author = {E. Michael Gertz and Stephen J. Wright},
  title = {OOQP User Guide},
  year = {2001},
  number = {ANL/MCS-TM-252},
  month = {October}
}

@BOOK{golubvanloan3rd,
  title = {Matrix Computations},
  publisher = {The Johns Hopkins University Press},
  year = {1996},
  author = {Gene H. Golub and Charles F. {Van Loan}},
  edition = {3rd},
  month = {October},
  howpublished = {Paperback},
  isbn = {0801854148},
  posted-at = {2007-12-04 04:05:27},
  priority = {5}
}

@BOOK{golubvanloan3rd,
  title = {Matrix Computations (Johns Hopkins Studies in Mathematical Sciences)},
  publisher = {The Johns Hopkins University Press},
  year = {1996},
  author = {Gene H. Golub and Charles F. {Van Loan}},
  edition = {3rd},
  month = {October},
  chaptertitle = {Matrix Computations (Johns Hopkins Studies in Mathematical Sciences)(3rd
	Edition)},
  howpublished = {Paperback},
  isbn = {0801854148},
  posted-at = {2007-12-04 04:05:27},
  priority = {5}
}

@article{Gondzio_12_matrixFree,
year={2012},
issn={0926-6003},
journal={Computational Optimization and Applications},
volume={51},
number={2},
doi={10.1007/s10589-010-9361-3},
title={Matrix-free interior point method},
publisher={Springer US},
author={Gondzio, Jacek},
pages={457-480},
language={English}
}


@ARTICLE{Gondzio95hopdm,
  author = {Jacek Gondzio},
  title = {{H}{O}{P}{D}{M} (version 2.12) - A Fast {LP} Solver Based on a Primal-Dual
	Interior Point Method},
  journal = {European Journal of Operational Research},
  year = {1995},
  volume = {85},
  pages = {221--225}
}

@ARTICLE{GondzioGrothey09OOPS,
  author = {Jacek Gondzio and Andreas Grothey},
  title = {Exploiting structure in parallel implementation of interior point
	methods for optimization},
  journal = {Computational Management Science},
  year = {2009},
  volume = {6},
  pages = {135--160},
  number = {2},
  month = {May}
}

@ARTICLE{GondzioGrothey07parallelQP,
  author = {Jacek Gondzio and Andreas Grothey},
  title = {Parallel interior-point solver for structured quadratic programs:
	Application to financial planning problems},
  journal = { Annals of Operations Research},
  year = {2007},
  volume = {152},
  pages = {319--339},
  number = {1},
  month = {July}
}

@INPROCEEDINGS{Gondzio05DirectSol10to9,
  author = {Jacek Gondzio and Andreas Grothey},
  title = {Direct Solution of Linear Systems of Size 10$^{\mbox{9}}$ Arising
	in Optimization with Interior Point Methods},
  booktitle = {PPAM},
  year = {2005},
  pages = {513--525}
}



@ARTICLE{Gondzio00parallelLP,
  author = {Jacek Gondzio and Robert Sarkissian},
  title = {Parallel Interior Point Solver for Structured Linear Programs},
  journal = {Mathematical Programming},
  year = {2003},
  volume = {96},
  pages = {561--584}
}

@ARTICLE{GouldHribarNocedal00,
  author = {Nicholas I. M. Gould and Mary E. Hribar and Jorge Nocedal},
  title = {On the Solution of Equality Constrained Quadratic Programming Problems
	Arising in Optimization},
  journal = {SIAM Journal on Scientific Computing},
  year = {2001},
  volume = {23},
  pages = {1376--1395},
  number = {4},
  keywords = {nonlinear optimization, conjugate gradient method, quadratic programming,
	preconditioning, iterative refinement},
  publisher = {SIAM}
}

@ARTICLE{GouldHribarNocedal00,
  author = {Nicholas I. M. Gould and Mary E. Hribar and Jorge Nocedal},
  title = {On the Solution of Equality Constrained Quadratic Programming Problems
	Arising in Optimization},
  journal = {SIAM Journal on Scientific Computing},
  year = {2001},
  volume = {23},
  pages = {1376--1395},
  number = {4},
  keywords = {nonlinear optimization, conjugate gradient method, quadratic programming,
	preconditioning, iterative refinement},
  publisher = {SIAM}
}

@article{Gueye_05_separableAL,
year={2005},
issn={0022-3239},
journal={Journal of Optimization Theory and Applications},
volume={127},
number={2},
doi={10.1007/s10957-005-6547-4},
title={Separable Augmented Lagrangian Algorithm with Multidimensional Scaling for Monotropic Programming},
url={http://dx.doi.org/10.1007/s10957-005-6547-4},
publisher={Kluwer Academic Publishers-Plenum Publishers},
keywords={Augmented Lagrangians; monotropic programming; multicommodity flows; decomposition},
author={Gu\`{e}ye, O.M. and Dussault, J.-P. and Mahey, P.},
pages={329-345},
language={English}
}

@article{GrattonMalmedyToint_12_secantMultilevel,
year={2012},
issn={0926-6003},
journal={Computational Optimization and Applications},
volume={51},
number={3},
doi={10.1007/s10589-011-9393-3},
title={Using approximate secant equations in limited memory methods for multilevel unconstrained optimization},
url={http://dx.doi.org/10.1007/s10589-011-9393-3},
publisher={Springer US},
keywords={Nonlinear optimization; Multilevel problems; Quasi-Newton methods; Nonlinear conjugate gradient methods; Limited-memory algorithms},
author={Gratton, Serge and Malmedy, Vincent and Toint, Philippe L.},
pages={967-979},
language={English}
}


@article{GrattonSartanaerToint_08_RecursiveTRMultiscaleNLP,
author = {Serge Gratton and Annick Sartenaer and Philippe L. Toint},
title = {Recursive Trust-Region Methods for Multiscale Nonlinear Optimization},
journal = {SIAM Journal on Optimization},
volume = {19},
number = {1},
pages = {414-444},
year = {2008},
doi = {10.1137/050623012}
}

@article{GriewankToint_82_partitionedQN,
year={1982},
issn={0029-599X},
journal={Numerische Mathematik},
volume={39},
number={3},
doi={10.1007/BF01407874},
title={Local convergence analysis for partitioned quasi-Newton updates},
url={http://dx.doi.org/10.1007/BF01407874},
publisher={Springer-Verlag},
keywords={AMS(MOS): 65K05; CR: 5.15},
author={Griewank, A. and Toint, Ph.L.},
pages={429-448},
language={English}
}


@BOOK{Greenbaum_book,
  title = {Iterative Methods for Solving Linear Systems},
  publisher = {SIAM Series on Frontiers in Applied Mathematics},
  year = {1997},
  author = {Anne Greenbaum},
  address = {Philadelphia, PA, USA},
  howpublished = {Paperback}
}

@TECHREPORT{WSMP,
  author = {Anshul Gupta},
  title = {{WSMP: Watson Sparse Matrix Package}},
  institution = {IBM Research Report},
  year = {2000}
}

@inproceedings{Gupta_09_parallelSparseFact,
 author = {Gupta, Anshul and Koric, Seid and George, Thomas},
 title = {Sparse matrix factorization on massively parallel computers},
 booktitle = {Proceedings of the Conference on High Performance Computing Networking, Storage and Analysis},
 series = {SC '09},
 year = {2009},
 isbn = {978-1-60558-744-8},
 location = {Portland, Oregon},
 pages = {1:1--1:12},
 articleno = {1},
 numpages = {12},
 doi = {10.1145/1654059.1654061},
 acmid = {1654061},
 publisher = {ACM},
 address = {New York, NY, USA},
 keywords = {error correction, last-level caches, reliability, soft error},
} 

@ARTICLE{GurtunaEtAll_11_corrPredSuffLCP,
  author = {Gurtuna, Filiz and Petra, Cosmin G. and Potra, Florian and Shevchenko,
	Olena and Vancea, Adrian},
  title = {Corrector-predictor methods for sufficient linear complementarity
	problems},
  journal = {Computational Optimization and Applications},
  year = {2011},
  volume = {48},
  pages = {453--485},
  note = {10.1007/s10589-009-9263-4},
  affiliation = {Department of Mathematics & Statistics, University of Maryland, Baltimore
	County, 1000 Hilltop Circle, Baltimore, MD 21250, USA},
  issn = {0926-6003},
  issue = {3},
  keyword = {Mathematics and Statistics},
  publisher = {Springer Netherlands},
  url = {http://dx.doi.org/10.1007/s10589-009-9263-4}
}


@article{Hager_00_adjoint,
year={2000},
issn={0029-599X},
journal={Numerische Mathematik},
volume={87},
number={2},
doi={10.1007/s002110000178},
title={Runge-{K}utta methods in optimal control and the transformed adjoint system},
url={http://dx.doi.org/10.1007/s002110000178},
publisher={Springer-Verlag},
keywords={Mathematics Subject Classification (1991): 49M25, 65L06},
author={Hager, William W.},
pages={247-282},
language={English}
}

@ARTICLE{Hall1988,
  author = {Peter Hall},
  title = {Theoretical comparison of bootstrap confidence intervals },
  journal = {The Annals of Statistics},
  year = {1988},
  volume = {16},
  pages = {927--953}
}

@article{HalkoMartinssonTropp_11_RandomizedSVD,
author = {N. Halko and P. G. Martinsson and J. A. Tropp},
title = {Finding Structure with Randomness: Probabilistic Algorithms for Constructing Approximate Matrix Decompositions},
journal = {SIAM Review},
volume = {53},
number = {2},
pages = {217-288},
year = {2011},
doi = {10.1137/090771806}}

@article{pyomo,
  title={Pyomo: modeling and solving mathematical programs in {P}ython},
  author={Hart, William E and Watson, Jean-Paul and Woodruff, David L},
  journal={Mathematical Programming Computation},
  volume={3},
  number={3},
  pages={219--260},
  year={2011},
  publisher={Springer}
}



@inbook{Hemker_book,
author = { P. W. Hemker  and  G. M. Johnson },
title = {Multigrid Approaches to the Euler Equations},
booktitle = {Multigrid Methods},
chapter = {3},
pages = {57-72},
doi = {10.1137/1.9781611971057.ch3},
URL = {http://epubs.siam.org/doi/abs/10.1137/1.9781611971057.ch3},
eprint = {http://epubs.siam.org/doi/pdf/10.1137/1.9781611971057.ch3},
publisher={Centrum voor Wiskunde en Informatica},
year={1996}
}


@article{HeinkRidzal_14_MatrixFreeTR,
author = {Heinkenschloss, M. and Ridzal, D.},
title = {A Matrix-Free Trust-Region SQP Method for Equality Constrained Optimization},
journal = {SIAM Journal on Optimization},
volume = {24},
number = {3},
pages = {1507-1541},
year = {2014}
}

@inproceedings{Hicken_12_inexNewtonKrylov,
    author = {Hicken, Jason E.},
    booktitle = {Modeling and Optimization: Theory and Applications},
    citeulike-article-id = {13500068},
    keywords = {pde-constrained-opt},
    location = {Bethlehem, PA},
    month = jul,
    posted-at = {2015-01-24 21:48:46},
    priority = {2},
    title = {Reduced-space inexact-{N}ewton-{K}rylov methods for {PDE}-constrained optimization},
    year = {2012}
}





@ARTICLE{higle1996duality,
  author = {Higle, Julia L and Sen, Suvrajeet},
  title = {Duality and statistical tests of optimality for two stage stochastic
	programs},
  journal = {Mathematical Programming},
  year = {1996},
  volume = {75},
  pages = {257--275},
  number = {2},
  owner = {anitescu},
  publisher = {Springer},
  review = {Bootstrap is used to test for statistical convergence, to avoid sampling
	again.},
  timestamp = {2013.04.15}
}

@ARTICLE{HigleSen94,
  author = {Julia L. Higle and Suvrajeet Sen},
  title = {Finite master programs in regularized stochastic decomposition},
  journal = {Mathematical Programming},
  year = {1994},
  volume = {67},
  pages = {143--168},
  bibsource = {DBLP, http://dblp.uni-trier.de}
}

@ARTICLE{higle1991statistical,
  author = {Higle, Julia L and Sen, Suvrajeet},
  title = {Statistical verification of optimality conditions for stochastic
	programs with recourse},
  journal = {Annals of Operations Research},
  year = {1991},
  volume = {30},
  pages = {215--239},
  number = {1},
  abstract = {They use bootstrap to create empirical distributions, primarily to
	verify the solution of the problem},
  owner = {anitescu},
  publisher = {Springer},
  timestamp = {2013.04.15}
}

@ARTICLE{higleSen91StochDecomp,
  author = {Julia L. Higle and Suvrajeet Sen},
  title = {Stochastic decomposition: {A}n algorithm for two-stage linear programs
	with recourse},
  journal = {Mathematics of Operations Research},
  year = {1991},
  volume = {16},
  pages = {650--669}
}


@article{Hoeffding_63_ineq,
author = { Wassily   Hoeffding },
title = {Probability Inequalities for Sums of Bounded Random Variables},
journal = {Journal of the American Statistical Association},
volume = {58},
number = {301},
pages = {13-30},
year = {1963},
doi = {10.1080/01621459.1963.10500830}
}

@article{HoSunda_97_DecompNestedStaircase,
 author = {Ho, James K. and Sundarraj, R. P.},
 title = {Distributed Nested Decomposition of Staircase Linear Programs},
 journal = {ACM Trans. Math. Softw.},
 issue_date = {June 1997},
 volume = {23},
 number = {2},
 month = jun,
 year = {1997},
 issn = {0098-3500},
 pages = {148--173},
 numpages = {26},
 url = {http://doi.acm.org/10.1145/264029.264031},
 doi = {10.1145/264029.264031},
 acmid = {264031},
 publisher = {ACM},
 address = {New York, NY, USA},
 keywords = {computational linear programming, distributed computation},
} 


@TECHREPORT{HoggScott_10_TriagSolveMulticore,
  author = {Hogg, J.D. and Scott, J.A.},
  title = {A note on the solve phase of a multicore solver},
  institution = {SFTC Rutherford Appleton Laboratory},
  year = {2010},
  number = {RAL-TR-2010-007},
  month = {June}
}

@inproceedings{HuchLubinPetra_14_StochJuMP,
 author = {Huchette, Joey and Lubin, Miles and Petra, Cosmin},
 title = {Parallel Algebraic Modeling for Stochastic Optimization},
 booktitle = {Proceedings of the 1st First Workshop for High Performance Technical Computing in Dynamic Languages},
 series = {HPTCDL '14},
 year = {2014},
 isbn = {978-1-4799-7020-9},
 location = {New Orleans, Louisiana},
 pages = {29--35},
 numpages = {7},
 url = {http://dx.doi.org/10.1109/HPTCDL.2014.6},
 doi = {10.1109/HPTCDL.2014.6},
 acmid = {2688224},
 publisher = {IEEE Press},
 address = {Piscataway, NJ, USA},
 keywords = {high performance computing, mathematical model, optimization, parallel programming, power system modeling, scalability},
} 


@article{Huschens_93_SQP-BFGS,
year={1993},
issn={0022-3239},
journal={Journal of Optimization Theory and Applications},
volume={77},
number={2},
doi={10.1007/BF00940716},
title={Exploiting additional structure in equality constrained optimization by structured SQP secant algorithms},
url={http://dx.doi.org/10.1007/BF00940716},
publisher={Kluwer Academic Publishers-Plenum Publishers},
keywords={Constrained optimization; SQP secant methods; superlinear convergence; structured secant methods},
author={Huschens, J.},
pages={343-358},
language={English}
}

@article{JianMehr_14_RobDecMaking,
author = {Hu, Jian and Mehrotra, Sanjay},
title = {Robust decision making over a set of random targets or risk-averse utilities with an application to portfolio optimization},
journal = {IIE Transactions},
volume = {0},
number = {0},
pages = {1-15},
year = {2014}
}

@article{JianMehr_12_RobStochModels,
 author = {Hu, Jian and Mehrotra, Sanjay},
 title = {Robust and Stochastically Weighted Multiobjective Optimization Models and Reformulations},
 journal = {Oper. Res.},
 issue_date = {07-08 2012},
 volume = {60},
 number = {4},
 month = jul,
 year = {2012},
 issn = {0030-364X},
 pages = {936--953},
 numpages = {18},
 publisher = {INFORMS},
 address = {Institute for Operations Research and the Management Sciences (INFORMS), Linthicum, Maryland, USA},
 keywords = {McRow, Pareto optimality, multicriterion optimization, multiexpert optimization, robust optimization, weighted sum method}
} 

@BOOK{KallWallace,
  title = {Stochastic Programming},
  publisher = {John Wiley \& Sons},
  year = {1994},
  author = {Peter Kall and Stein W. Wallace},
  address = {Chichester},
  edition = {2nd}
}


@article{KameswaranBiegler_08_NLPPathConstr,
author = {Shivakumar Kameswaran and Lorenz T. Biegler},
title = {Advantages of Nonlinear-Programming-Based Methodologies for Inequality Path-Constrained Optimal Control Problems—A Numerical Study},
journal = {SIAM Journal on Scientific Computing},
volume = {30},
number = {2},
pages = {957-981},
year = {2008},
doi = {10.1137/050644938}
}

@ARTICLE{KellerGouldWathen00,
  author = {Carsten Keller and Nicholas I. M. Gould and Andrew J. Wathen},
  title = {Constraint Preconditioning for Indefinite Linear Systems},
  journal = {SIAM J. Matrix Anal. Appl.},
  year = {2000},
  volume = {21},
  pages = {1300--1317},
  number = {4},
  address = {Philadelphia, PA, USA},
  doi = {http://dx.doi.org/10.1137/S0895479899351805},
  issn = {0895-4798},
  publisher = {Society for Industrial and Applied Mathematics}
}

@ARTICLE{KellerGouldWathen00,
  author = {Carsten Keller and Nicholas I. M. Gould and Andrew J. Wathen},
  title = {Constraint Preconditioning for Indefinite Linear Systems},
  journal = {SIAM J. Matrix Anal. Appl.},
  year = {2000},
  volume = {21},
  pages = {1300--1317},
  number = {4},
  address = {Philadelphia, PA},
  issn = {0895-4798},
  publisher = {Society for Industrial and Applied Mathematics}
}

@INCOLLECTION{King88,
  author = {Alan J. King},
  title = {An implementation of the {L}agrangian finite-generation method},
  booktitle = {Numerical techniques for stochastic optimization},
  publisher = {Springer},
  year = {1988},
  volume = {10},
  series = {Springer Ser. Comput. Math.},
  pages = {295--311},
  address = {Berlin}
}


@article{KojimaKimWaki_05_SparseSOS,
year={2005},
issn={0025-5610},
journal={Mathematical Programming},
volume={103},
number={1},
title={Sparsity in sums of squares of polynomials},
publisher={Springer-Verlag},
keywords={Sums of squares of polynomial; Polynomial optimization problem; Semidefinite program; Sparsity},
author={Kojima, Masakazu and Kim, Sunyoung and Waki, Hayato},
pages={45-62},
language={English}
}

@ARTICLE{kouwenberg2006stochastic,
  author = {Kouwenberg, R and Zenios, STAVROS A},
  title = {Stochastic programming models for asset liability management},
  journal = {Handbook of asset and liability management},
  year = {2006},
  volume = {1},
  pages = {253--303},
  owner = {anitescu},
  review = {It applies bootstrap but no theory},
  timestamp = {2013.04.15}
}

@BOOK{lassere,
  title = {Moments, Positive Polynomials and Their Applications},
  publisher = {Imperial College Press},
  year = {2010},
  author = {Lasserre, Jean-Bernard}
}

@article{Lasserre_08_SDP4GPM,
year={2008},
issn={0025-5610},
journal={Mathematical Programming},
volume={112},
number={1},
title={A semidefinite programming approach to the generalized problem of moments},
publisher={Springer-Verlag},
author={Lasserre, Jean Bernard},
pages={65-92}
}



@article{LewisNash_05_Multigrid,
author = {Robert Michael Lewis and Stephen G. Nash},
title = {Model Problems for the Multigrid Optimization of Systems Governed by Differential Equations},
journal = {SIAM Journal on Scientific Computing},
volume = {26},
number = {6},
pages = {1811-1837},
year = {2005},
doi = {10.1137/S1064827502407792},

URL = { 
        http://dx.doi.org/10.1137/S1064827502407792
    
},
eprint = { 
        http://dx.doi.org/10.1137/S1064827502407792
    
}

}




@article{LinderShapWright_06_SamlpingSP,
year={2006},
issn={0254-5330},
journal={Annals of Operations Research},
volume={142},
number={1},
doi={10.1007/s10479-006-6169-8},
title={The empirical behavior of sampling methods for stochastic programming},
publisher={Kluwer Academic Publishers},
keywords={Stochastic linear programming; Recourse; Sample average approximations; Computational grid; Monte Carlo sampling; Optimality gap; Statistical KKT test},
author={Linderoth, Jeff and Shapiro, Alexander and Wright, Stephen},
pages={215-241},
language={English}
}


@ARTICLE{LinderothWright_03_DecompSP,
  author = {Jeff Linderoth and Stephen Wright},
  title = {Decomposition Algorithms for Stochastic Programming on a Computational
	Grid},
  journal = {Comput. Optim. Appl.},
  year = {2003},
  volume = {24},
  pages = {207--250},
  number = {2-3},
  address = {Norwell, MA, USA},
  doi = {http://dx.doi.org/10.1023/A:1021858008222},
  issn = {0926-6003},
  publisher = {Kluwer Academic Publishers}
}

@article{Lubin_12_simplex,
  year={2013},
  issn={0926-6003},
  journal={Computational Optimization and Applications},
  volume={55},
  number={3},
  doi={10.1007/s10589-013-9542-y},
  title={Parallel distributed-memory simplex for large-scale stochastic {L}{P} problems},
  url={http://dx.doi.org/10.1007/s10589-013-9542-y},
  publisher={Springer US},
  keywords={Simplex method; Parallel computing; Stochastic optimization; Block-angular},
  author={Lubin, Miles and Hall, J. A. Julian and Petra, Cosmin G. and Anitescu, Mihai},
  pages={571-596},
  language={English}
}

@article{Lubin_13_dualDecomp,
title = "On parallelizing dual decomposition in stochastic integer programming ",
journal = "Operations Research Letters ",
volume = "41",
number = "3",
pages = "252 - 258",
year = "2013",
issn = "0167-6377",
doi = "http://dx.doi.org/10.1016/j.orl.2013.02.003",
author = "Miles Lubin and Kipp Martin and Cosmin G. Petra and Burhaneddin Sandik\c{c}i",
}

@ARTICLE{LubinPetraAnit_11_DenseSC,
  author = {Lubin, Miles and Petra, Cosmin G. and Anitescu, Mihai},
  title = {The parallel solution of dense saddle-point linear systems arising
	in stochastic programming},
  journal = {Optimization Methods and Software},
  year = {2012},
  volume = {27},
  pages = {845--864},
  number = {4--5},
  doi = {10.1080/10556788.2011.602976},
}

@INPROCEEDINGS{LubinPetraAnitZav_11_SuperComp,
  author = {Lubin, Miles and Petra, Cosmin G. and Anitescu, Mihai and Zavala,
	Victor},
  title = {Scalable stochastic optimization of complex energy systems},
  booktitle = {Proceedings of 2011 International Conference for High Performance
	Computing, Networking, Storage and Analysis},
  year = {2011},
  series = {SC '11},
  pages = {64:1--64:64},
  address = {New York, USA},
  publisher = {ACM},
  acmid = {2063470},
  articleno = {64},
  isbn = {978-1-4503-0771-0},
  location = {Seattle, Washington},
  numpages = {64},
}

@ARTICLE{LuksanVlcek98IndefPrecond,
  author = {Ladislav Luk\u{s}an and Jan Vl\u{c}ek},
  title = {Indefinitely preconditioned inexact Newton method for large sparse
	equality constrained nonlinear programming problems},
  journal = {Numerical Linear Algebra with Applications},
  year = {1998},
  volume = {5},
  pages = {219--247},
  number = {3}
}

@ARTICLE{LuksanVlcek98IndefPrecond,
  author = {Ladislav Luk\u{s}an and Jan Vl\u{c}ek},
  title = {Indefinitely preconditioned inexact {N}ewton method for large sparse
	equality constrained nonlinear programming problems},
  journal = {Numerical Linear Algebra with Applications},
  year = {1998},
  volume = {5},
  pages = {219--247},
  number = {3}
}
@article{LuksanSped_00_VariableMetric-nlsq,
 author = {Luk\v{s}an, Ladislav and Spedicato, Emilio},
 title = {Variable Metric Methods for Unconstrainted Optimization and Nonlinear Least Squares},
 journal = {J. Comput. Appl. Math.},
 volume = {124},
 number = {1-2},
 month = {Dec},
 year = {2000},
 issn = {0377-0427},
 pages = {61--95},
 numpages = {35},
 url = {http://dx.doi.org/10.1016/S0377-0427(00)00420-9},
 doi = {10.1016/S0377-0427(00)00420-9},
 acmid = {365043},
 publisher = {Elsevier Science Publishers B. V.},
 address = {Amsterdam, The Netherlands, The Netherlands},
 keywords = {Quasi-Newton methods, limited-memory methods, nonlinear least squares, partially separable problems, sparse problems, unconstrained optimization, variable metric methods},
} 


@ARTICLE{Lu92OB1,
  author = {Irvin J. Lustig and Roy E. Marsten and David F. Shanno},
  title = {On Implementing {M}ehrotra's Predictor--Corrector Interior-Point
	Method for Linear Programming},
  journal = {SIAM Journal on Optimization},
  year = {1992},
  volume = {2},
  pages = {435--449},
  number = {3},
  keywords = {linear programming, interior-point methods, predictor--corrector algorithms},
  publisher = {SIAM}
}

@article{MaliyakaRanga_94_StaircaseDecomp,
     title = {A Solution-Cascading Approach to the Decomposition of Staircase Linear Programs},
     author = {Jayakumar, Maliyakal D. and Ramasesh, Ranga V.},
     journal = {The Journal of the Operational Research Society},
     volume = {45},
     number = {3},
     pages = {pp. 301-308},
     url = {http://www.jstor.org/stable/2584164},
     ISSN = {01605682},
     language = {English},
     year = {1994},
     publisher = {Palgrave Macmillan Journals on behalf of the Operational Research Society},
     copyright = {Copyright © 1994 Operational Research Society},
    }

@ARTICLE{McKayBeckmanConover_79,
  author = {Michael D. McKay and Richard J. Beckman and W. J. Conover},
  title = {A comparison of three methods for selecting values of input variables
	in the analysis of output from a computer code},
  journal = {Technometrics},
  year = {1979},
  volume = {21},
  pages = {239--245},
  address = {Alexandria, Va},
  publisher = {American Society for Quality Control and American Statistical Association}
}

@TECHREPORT{HuangMehr_15_homog,
  author = {Kuo-Ling Huang and Sanjay Mehrotra},
  title = {Solution of monotone complementarity and general convex programming problems using modified potential reduction interior point method},
  institution = { Dept. of Industrial Engineering and Management Sciences, Northwestern University},
  year = {2013}
}

@ARTICLE{mehrotra92,
  author = {Sanjay Mehrotra},
  title = {On the Implementation of a Primal-Dual Interior Point Method},
  journal = {SIAM Journal on Optimization},
  year = {1992},
  volume = {2},
  pages = {575--601},
  number = {4},
  keywords = {linear programming, interior point methods, primal-dual methods, power
	series methods, predictor-corrector methods},
  publisher = {SIAM}
}

@ARTICLE{MehOze09_stochQp,
  author = {Sanjay Mehrotra and M. Gokhan Ozevin},
  title = {Decomposition Based Interior Point Methods for Two-Stage Stochastic
	Convex Quadratic Programs with Recourse},
  journal = {Oper. Res.},
  year = {2009},
  volume = {57},
  pages = {964--974},
  number = {4},
  address = {Institute for Operations Research and the Management Sciences (INFORMS),
	Linthicum, Maryland, USA},
  doi = {http://dx.doi.org/10.1287/opre.1080.0659},
  issn = {0030-364X},
  publisher = {INFORMS}
}

@ARTICLE{MehOzevin_09_Implem,
  author = {Sanjay Mehrotra and M. Gokhan Ozevin},
  title = {On the Implementation of Interior Point Decomposition Algorithms
	for Two-Stage Stochastic Conic Programs},
  journal = {SIAM Journal on Optimization},
  year = {2009},
  volume = {19},
  pages = {1846--1880},
  number = {4},
  doi = {10.1137/050643805},
  keywords = {stochastic programming, conic programming, semidefinite programming,
	Benders decomposition, interior point methods, primal-dual methods},
  publisher = {SIAM}
}

@ARTICLE{MehrotraOzevin09StochConic,
  author = {Sanjay Mehrotra and M. Gokhan Ozevin},
  title = {On the Implementation of Interior Point Decomposition Algorithms
	for Two-Stage Stochastic Conic Programs},
  journal = {SIAM Journal on Optimization},
  year = {2009},
  volume = {19},
  pages = {1846--1880},
  number = {4},
  keywords = {stochastic programming, conic programming, semidefinite programming,
	Benders decomposition, interior point methods, primal-dual methods},
  publisher = {SIAM}
}

@ARTICLE{MehrotraOzevin09StochQP,
  author = {Sanjay Mehrotra and M. Gokhan Ozevin},
  title = {Decomposition Based Interior Point Methods for Two-Stage Stochastic
	Convex Quadratic Programs with Recourse},
  journal = {Oper. Res.},
  year = {2009},
  volume = {57},
  pages = {964--974},
  number = {4},
  address = {Institute for Operations Research and the Management Sciences (INFORMS),
	Linthicum, Maryland},
  issn = {0030-364X},
  publisher = {INFORMS}
}

@ARTICLE{MehOze09_stochConic,
  author = {Sanjay Mehrotra and M. Gokhan Ozevin},
  title = {Decomposition-Based Interior Point Methods for Two-Stage Stochastic
	Semidefinite Programming},
  journal = {SIAM Journal on Optimization},
  year = {2007},
  volume = {18},
  pages = {206--222},
  number = {1},
  address = {Philadelphia, PA, USA},
  doi = {http://dx.doi.org/10.1137/050622067},
  issn = {1052-6234},
  publisher = {Society for Industrial and Applied Mathematics}
}

@ARTICLE{MehrotraGokan07StochSDP,
  author = {Sanjay Mehrotra and M. Gokhan Ozevin},
  title = {Decomposition-Based Interior Point Methods for Two-Stage Stochastic
	Semidefinite Programming},
  journal = {SIAM J. on Optimization},
  year = {2007},
  volume = {18},
  pages = {206--222},
  number = {1},
  address = {Philadelphia, PA},
  issn = {1052-6234},
  publisher = {Society for Industrial and Applied Mathematics}
}

@ARTICLE{MokhtariRibeiro_14_StochasticQN, 
author={A. Mokhtari and A. Ribeiro}, 
journal={IEEE Transactions on Signal Processing}, 
title={RES: Regularized Stochastic BFGS Algorithm}, 
year={2014}, 
volume={62}, 
number={23}, 
pages={6089-6104}, 
keywords={Hessian matrices;convex programming;eigenvalues and eigenfunctions;gradient methods;radio networks;stochastic processes;support vector machines;Broyden-Fletcher-Goldfarb-Shanno quasi-Newton method;Hessian approximation matrix;Hessian eigenvalues;RES;convex optimization;finite gradient differences;objective function curvature;regularized stochastic BFGS algorithm;second-order methods;stochastic gradient descent algorithm;support vector machines;Approximation algorithms;Approximation methods;Convergence;Eigenvalues and eigenfunctions;Linear programming;Optimization;Signal processing algorithms;Quasi-Newton methods;large-scale optimization;stochastic optimization;support vector machines}, 
doi={10.1109/TSP.2014.2357775}, 
ISSN={1053-587X}, 
month={Dec},}

@ARTICLE{MoPang96_MCP,
  author = {R. D. C. Monteiro and Jong-Shi Pang},
  title = {Properties of an interior-point mapping for mixed complementarity
	problems},
  journal = {Mathematics of Operations Research},
  year = {1996},
  volume = {21},
  pages = {629--654},
  number = {3},
  address = {Institute for Operations Research and the Management Sciences (INFORMS),
	Linthicum, Maryland, USA},
  doi = {http://dx.doi.org/10.1287/moor.21.3.629},
  issn = {0364-765X},
  publisher = {INFORMS}
}

@ARTICLE{MoPang96_MCP,
  author = {Renato D. C. Monteiro and Jong-Shi Pang},
  title = {Properties of an interior-point mapping for mixed complementarity
	problems},
  journal = {Mathematics of Operations Research},
  year = {1996},
  volume = {21},
  pages = {629--654},
  number = {3},
  address = {Institute for Operations Research and the Management Sciences (INFORMS),
	Linthicum, Maryland},
  issn = {0364-765X},
  publisher = {INFORMS}
}

@ARTICLE{MulveyVladimirou91,
  author = {John M. Mulvey and Hercules Vladimirou},
  title = {Applying the progressive hedging algorithm to stochastic generalized
	networks},
  journal = {Ann. Oper. Res.},
  year = {1991},
  volume = {31},
  pages = {399--424},
  number = {1-4},
  address = {Red Bank, NJ},
  issn = {0254-5330},
  publisher = {J. C. Baltzer AG, Science Publishers}
}

@ARTICLE{MurphyGolubWathen00Note,
  author = {Malcolm F. Murphy and Gene H. Golub and Andrew J. Wathen},
  title = {A Note on Preconditioning for Indefinite Linear Systems},
  journal = {SIAM Journal on Scientific Computing},
  year = {2000},
  volume = {21},
  pages = {1969--1972},
  number = {6},
  keywords = {indefinite matrices, preconditioning},
  publisher = {SIAM}
}

@ARTICLE{MurphyGolubWathen00Note,
  author = {Malcolm F. Murphy and Gene H. Golub and Andrew J. Wathen},
  title = {A Note on Preconditioning for Indefinite Linear Systems},
  journal = {SIAM Journal on Scientific Computing},
  year = {2000},
  volume = {21},
  pages = {1969--1972},
  number = {6},
  keywords = {indefinite matrices, preconditioning},
  publisher = {SIAM}
}

@article{Nash_14_multilevel,
author = {Stephen G. Nash},
title = {Properties of a class of multilevel optimization algorithms for equality-constrained problems},
journal = {Optimization Methods and Software},
volume = {29},
number = {1},
pages = {137-159},
year = {2014},
doi = {10.1080/10556788.2012.759571},

URL = { 
        http://dx.doi.org/10.1080/10556788.2012.759571
    
},
eprint = { 
        http://dx.doi.org/10.1080/10556788.2012.759571
    
}

}


@article{NelsonPapa_98_hierarNLP,
year={1998},
issn={0934-4373},
journal={Structural optimization},
volume={16},
number={1},
doi={10.1007/BF01213996},
title={A modified trust region algorithm for hierarchical {NLP}},
url={http://dx.doi.org/10.1007/BF01213996},
publisher={Springer-Verlag},
author={Nelson, S.A., II and Papalambros, P.Y.},
pages={19-28},
language={English}
}


@BOOK{Nocedal_book,
       edition = "2nd",
       author = "J. Nocedal and S. J. Wright",
       title = "Numerical Optimization",
       publisher = "Springer",
       year = "2006",
       address = "New York",
} 

@ARTICLE{NecoaraSuykens08,
author={Necoara, I. and Suykens, J.A.K.},
journal={Automatic Control, IEEE Transactions on},
title={Application of a Smoothing Technique to Decomposition in Convex Optimization},
year={2008},
volume={53},
number={11},
pages={2674-2679},
keywords={convex programming;distributed control;gradient methods;matrix decomposition;smoothing methods;classical dual gradient scheme;convex optimization;dual decomposition;proximal center algorithm;smooth Lagrangian;smoothing technique;Concurrent computing;Convergence;Distributed computing;Distributed control;Lagrangian functions;Large-scale systems;Optimization methods;Predictive control;Predictive models;Smoothing methods;Distributed control;distributed network optimization;dual decomposition;smooth convex optimization},
doi={10.1109/TAC.2008.2007159},
ISSN={0018-9286},
month={Dec},}

@INPROCEEDINGS{NecoaraSuykens08_ProxCenter,
author={Necoara, I. and Suykens, J.A.K.},
booktitle={Decision and Control, 2008. CDC 2008. 47th IEEE Conference on},
title={A proximal center-based decomposition method for multi-agent convex optimization},
year={2008},
pages={3077-3082},
keywords={gradient methods;multi-agent systems;optimisation;smoothing methods;convex objective functions;distributed model predictive control;dual decomposition method;dual gradient scheme;multiagent convex optimization;problem separability;proximal center-based decomposition method;smoothing technique;Concurrent computing;Constraint optimization;Convergence;Distributed computing;Lagrangian functions;Large-scale systems;Optimization methods;Predictive control;Predictive models;Smoothing methods},
doi={10.1109/CDC.2008.4738764},
ISSN={0191-2216},
month={Dec},}

@article{negri2013reduced,
  title={Reduced basis method for parametrized elliptic optimal control problems},
  author={Negri, Federico and Rozza, Gianluigi and Manzoni, Andrea and Quarteroni, Alfio},
  journal={SIAM Journal on Scientific Computing},
  volume={35},
  number={5},
  pages={A2316--A2340},
  year={2013},
  publisher={Society for Industrial and Applied Mathematics}
}

@book{Nesterov_14_book,
 author = {Nesterov, Yurii},
 title = {Introductory Lectures on Convex Optimization: A Basic Course},
 year = {2014},
 isbn = {1461346916, 9781461346913},
 edition = {1},
 publisher = {Springer Publishing Company, Incorporated},
} 

@article{Nesterov_12_CoordinateDescent,
author = {Yu. Nesterov},
title = {Efficiency of Coordinate Descent Methods on Huge-Scale Optimization Problems},
journal = {SIAM Journal on Optimization},
volume = {22},
number = {2},
pages = {341-362},
year = {2012}
}

@ARTICLE{NguyenPai_03_dynSecPowerSys,
author={T. B. Nguyen and M. A. Pai},
journal={IEEE Transactions on Power Systems},
title={Dynamic security-constrained rescheduling of power systems using trajectory sensitivities},
year={2003},
volume={18},
number={2},
pages={848-854},
doi={10.1109/TPWRS.2003.811002},
ISSN={0885-8950},
month={May},}

@ARTICLE{OliveiraSorensen05,
  author = {A.R.L. Oliveira and D.C. Sorensen},
  title = {A new class of preconditioners for large-scale linear systems from
	interior point methods for linear programming},
  journal = {Linear Algebra and its Applications},
  year = {2005},
  volume = {394},
  pages = {1--24},
  doi = {DOI: 10.1016/j.laa.2004.08.019},
  issn = {0024-3795},
  keywords = {Linear programming},
  keywords1 = {Interior point methods},
  keywords2 = {Preconditioning},
  keywords3 = {Augmented system}
}

@ARTICLE{OliveiraSorensen05,
  author = {A.R.L. Oliveira and D.C. Sorensen},
  title = {A new class of preconditioners for large-scale linear systems from
	interior point methods for linear programming},
  journal = {Linear Algebra and its Applications},
  year = {2005},
  volume = {394},
  pages = {1--24},
  issn = {0024-3795},
  keywords = {Linear programming},
  keywords1 = {Interior point methods},
  keywords2 = {Preconditioning},
  keywords3 = {Augmented system}
}

@article{Orchard_84_History,
  author    = {William Orchard{-}Hays},
  title     = {History of Mathematical Programming Systems},
  journal   = {{IEEE} Annals of the History of Computing},
  volume    = {6},
  number    = {3},
  pages     = {296--312},
  year      = {1984},
  url       = {http://doi.ieeecomputersociety.org/10.1109/MAHC.1984.10032},
  doi       = {10.1109/MAHC.1984.10032},
  timestamp = {Sat, 22 Dec 2012 18:55:53 +0100},
  biburl    = {http://dblp2.uni-trier.de/rec/bib/journals/annals/Orchard-Hays84},
  bibsource = {dblp computer science bibliography, http://dblp.org}
}


@article{OzyurtBarton_05_SecOrderAdj,
author = {Derya B. Ozyurt and Paul I. Barton},
title = {Cheap Second Order Directional Derivatives of Stiff ODE Embedded Functionals},
journal = {SIAM Journal on Scientific Computing},
volume = {26},
number = {5},
pages = {1725-1743},
year = {2005},
}

@article{Parillo_03_SDPSemiAlg,
year={2003},
journal={Mathematical Programming},
volume={96},
number={2},
title={Semidefinite programming relaxations for semialgebraic problems},
publisher={Springer-Verlag},
author={Parrilo, Pablo A.},
pages={293-320}
}

@TECHREPORT{hopspack,
author = {Todd D. Plantenga},
title = {HOPSPACK 2.0 User Manual},
institution = {Sandia National Laboratories, Albuquerque, NM and Livermore, CA},
month = {October},
year = {2009},
number = {SAND2009-6265}
}

@manual{sostools,
author = {A. Papachristodoulou and J. Anderson and G. Valmorbida and S. Prajna and P. Seiler and P. A. Parrilo},
title = {{SOSTOOLS}: Sum of squares optimization toolbox for {MATLAB}},
note={},
year = {2013},
address = {\texttt{http://arxiv.org/abs/1310.4716}},
}

@PHDTHESIS{Petra_phd, 
  author = {Cosmin G. Petra},
  title = {Homogenization of mixed horizontal LCPs and applications},
  school = {UNIVERSITY OF MARYLAND, BALTIMORE COUNTY},
  year = {2009},
  type = {{P}h{D} thesis},
  address = {Department of {M}athematics and {S}tatistics},
  month = {October}
}


@ARTICLE{PetraAnit_12_precSchur,
  author = {Petra, Cosmin G. and Anitescu, Mihai},
  title = {A preconditioning technique for {S}chur complement systems arising
	in stochastic optimization},
  journal = {Computational Optimization and Applications},
  year = {2012},
  volume = {52},
  pages = {315-344},
  affiliation = {Mathematics and Computer Science Division, Argonne National Laboratory,
	9700 South Cass Avenue, Argonne, IL 60439, USA},
  issn = {0926-6003},
  issue = {2},
  keyword = {Mathematics and Statistics},
  publisher = {Springer Netherlands},
}

@TECHREPORT{bootstrap,
  author = { Mihai Anitescu and Cosmin G. Petra},
  title = {Higher-Order Confidence Intervals for Stochastic Programming using
	Bootstrapping},
  institution = {ANL/MCS-P1964-1011, Argonne National Laboratory,},
  year = {2012}
}

@TECHREPORT{pridec_impl,
  author = { J. Wang and N. Chiang and C. G. Petra},
  title = {An asynchronous distributed-memory optimization solver for two-stage stochastic programming problems},
  institution = {LLNL-CONF-821097, Lawrence Livermore  National Laboratory},
  year = {2021}
}

@TECHREPORT{idas,
  author = {Radu Serban and Cosmin G. Petra and Alan C. Hindmarsh},
  title = {User Documentation for {IDAS} v1.2.2},
  institution = {UCRL-SM-234051, Lawrence Livermore National Laboratory},
  year = {2012}
}

@ARTICLE{petra_14_augIncomplete,
  author = {Cosmin G. Petra and Olaf Schenk and Miles Lubin and Klaus G{\"a}rtner},
  title = {An augmented incomplete factorization approach for computing the
	{S}chur complement in stochastic optimization},
  journal = {SIAM Journal on Scientific Computing},
  volume = {36},
number = {2},
pages = {C139-C162},
year = {2014}
}

@TECHREPORT{tao-user-ref,
  author = {Steven J. Benson and Lois Curfman McInnes and Jorge Mor\'{e} and
	Jason Sarich},
  title = {{TAO} User Manual (Revision 1.8)},
  institution = {Mathematics and Computer Science Division, Argonne National Laboratory},
  year = {2005},
  number = {ANL/MCS-TM-242},
  note = {http://www.mcs.anl.gov/tao}
}


@ARTICLE{Petra_StructQN,
  author = {Cosmin G. Petra and Naiyuan Chiang},
  title = {A structured quasi-{N}ewton algorithm for separable optimization with incomplete Hessian information},
  journal = {in preparation},
  volume = {},
number = {},
pages = {},
year = {2016}
}

@TECHREPORT{Petra_15_homog,
  author = {Cosmin G. Petra and Florian Potra},
  title = {A Homogeneous Model for Monotone Mixed Horizontal Linear Complementarity Problems},
institution = {Mathematics and Computer Science Division, Argonne National Laboratory},
number = {ANL/MCS-P1232-9901},
year = {2015}
}

@article{petra_14_realtime,
author = {Cosmin G. Petra and Olaf Schenk and Mihai Anitescu},
title = {Real-time Stochastic Optimization of Complex Energy Systems on High Performance Computers},
journal ={Computing in Science and Engineering},
volume = {99},
number = {PrePrints},
issn = {1521-9615},
year = {2014},
pages = {1-9},
doi = {http://doi.ieeecomputersociety.org/10.1109/MCSE.2014.53},
publisher = {IEEE Computer Society},
address = {Los Alamitos, CA, USA},
}

@ARTICLE{petra_14_covEst,
  author = {Cosmin G. Petra and Victor M. Zavala and Elias D. Nino-Ruiz and Mihai Anitescu}, 
  title = {A  high-performance computing framework for analyzing the economic impacts of wind correlation},
  journal = {Electric Power Systems Research},
  volume = {141},
number = {},
pages = {372--380},
year = {2016}
}

@ARTICLE{PetraPetra_MAP,
  author = {N. Petra and C. G. Petra  and  Z. Zhang  and E. Constantinescu  and  M. Anitescu},
  title = {A {B}ayesian Approach for Parameter Estimation with Uncertainty for Dynamic Power Systems},
  journal = { IEEE Power Systems },
  volume = {IN PRINT},
number = {},
pages = {},
year = {2016}
}


@ARTICLE{PflugHalada03ParallelSP,
  author = {Georg Ch. Pflug and Ladislav Halada},
  title = {A Note on the Recursive and Parallel Structure of the Birge and Qi
	Factorization for Tree Structured Linear Programs},
  journal = {Comput. Optim. Appl.},
  year = {2003},
  volume = {24},
  pages = {251--265},
  number = {2-3},
  address = {Norwell, MA},
  doi = {http://dx.doi.org/10.1023/A:1021810125060},
  issn = {0926-6003},
  publisher = {Kluwer Academic Publishers}
}

@ARTICLE{PoYe96,
  author = {F. A. Potra and Y. Ye},
  title = {Interior-point methods for nonlinear complementarity problems},
  journal = {Journal of Optimization Theory and Applications},
  year = {1996},
  volume = {88},
  pages = {617--647},
  number = {3},
  annote = {former PoYe-}
}

@TECHREPORT{elemental,
  author = {Jack Poulson and Bryan Marker and Robert A. {van de Geijn}},
  title = {Elemental: A New Framework for Distributed Memory Dense Matrix Computations
	{(FLAME Working Note \#44)}},
  institution = {Institute for Computational Engineering and Sciences, The University
	of Texas at Austin},
  year = {2010},
  month = jun
}

@ARTICLE{Pritchard10,
  author = {Pritchard, Geoffrey and Zakeri, Golbon and Philpott, Andrew},
  title = {A Single-Settlement, Energy-Only Electric Power Market for Unpredictable
	and Intermittent Participants},
  journal = {Operations Research},
  year = {2010},
  volume = {58},
  pages = {1210--1219},
  number = {4--2},
  month = {July},
  address = {Institute for Operations Research and the Management Sciences (INFORMS),
	Linthicum, Maryland, USA},
  issn = {0030-364X},
  issue_date = {July 2010},
  keywords = {electricity market, locational pricing, regulation, stochastic programming,
	wind power},
  numpages = {10},
  publisher = {INFORMS}
}

@article{Reddien_1979_Colocation,
author = {G. W. Reddien},
title = {Collocation at Gauss Points as a Discretization in Optimal Control},
journal = {SIAM Journal on Control and Optimization},
volume = {17},
number = {2},
pages = {298-306},
year = {1979},
doi = {10.1137/0317023}
}

@ARTICLE{rockafellarWets91,
  author = {R. Tyrrell Rockafellar and Roger J.-B. Wets},
  title = {Scenarios and Policy Aggregation in Optimization Under Uncertainty},
  journal = {Mathematics of Operations Research},
  year = {1991},
  volume = {16},
  pages = {119--147},
  number = {1},
  month = {Feb}
}

@ARTICLE{rockafellarWets86,
  author = {R. Tyrrell Rockafellar and Roger J.-B. Wets},
  title = {A {L}agrangian finite generation technique for solving linear-quadratic
	problems in stochastic programming},
  journal = {Math. Programming Stud.},
  year = {1986},
  volume = {28},
  pages = {63--93},
  note = {Stochastic programming 84. II},
  coden = {MPSTDF},
  fjournal = {Mathematical Programming Study},
  issn = {0303-3929}
}

@article{rockafellar2002conditional,
  title={Conditional value-at-risk for general loss distributions},
  author={Rockafellar, R Tyrrell and Uryasev, Stanislav},
  journal={Journal of banking \& finance},
  volume={26},
  number={7},
  pages={1443--1471},
  year={2002},
  publisher={North-Holland}
}

@article{rockafellar2000optimization,
  title={Optimization of conditional value-at-risk},
  author={Rockafellar, R Tyrrell and Uryasev, Stanislav},
  journal={Journal of risk},
  volume={2},
  pages={21--42},
  year={2000}
}


@article{Rockafellar_74_augLagr,
author = {R. Tyrrell Rockafellar},
title = {Augmented Lagrange Multiplier Functions and Duality in Nonconvex Programming},
journal = {SIAM Journal on Control},
volume = {12},
number = {2},
pages = {268-285},
year = {1974},
doi = {10.1137/0312021}
}

@Article{RojasLabanda2015,
author="Rojas-Labanda, Susana and Stolpe, Mathias",
title="Benchmarking optimization solvers for structural topology optimization",
journal="Structural and Multidisciplinary Optimization",
year="2015",
volume="52",
number="3",
pages="527--547",
issn="1615-1488",
doi="10.1007/s00158-015-1250-z"
}


@ARTICLE{RosaRuszczy96,
  author = {Charles H. Rosa and Andrzej Ruszczy{\'n}ski},
  title = {On augmented {L}agrangian decomposition methods for multistage stochastic
	programs},
  journal = {Ann. Oper. Res.},
  year = {1996},
  volume = {64},
  pages = {289--309},
  note = {Stochastic programming, algorithms and models (Lillehammer, 1994)},
  fjournal = {Annals of Operations Research},
  issn = {0254-5330}
}

@inproceedings{RouxFitzgibbon_naturalNewton,
  title={A fast natural Newton method},
  author={Le Roux, Nicolas and Fitzgibbon, Andrew W},
  booktitle={Proceedings of the 27th International Conference on Machine Learning (ICML-10)},
  pages={623--630},
  year={2010}
}

@ARTICLE{154026,
  author = {Andrej Ruszczy{\'n}ski},
  title = {Parallel decomposition of multistage stochastic programming problems},
  journal = {Math. Program.},
  year = {1993},
  volume = {58},
  pages = {201--228},
  number = {2},
  address = {Secaucus, NJ, USA},
  doi = {http://dx.doi.org/10.1007/BF01581267},
  issn = {0025-5610},
  publisher = {Springer-Verlag New York, Inc.}
}

@ARTICLE{154026,
  author = {Andrej Ruszczy{\'n}ski},
  title = {Parallel decomposition of multistage stochastic programming problems},
  journal = {Math. Program.},
  year = {1993},
  volume = {58},
  pages = {201--228},
  number = {2},
  address = {Secaucus, NJ},
  issn = {0025-5610},
  publisher = {Springer-Verlag New York, Inc.}
}

@ARTICLE{Ruszczynski86,
  author = {Andrej Ruszczy{\'n}ski},
  title = {A regularized decomposition method for minimizing a sum of polyhedral
	functions},
  journal = {Mathematical Programming},
  year = {1986},
  volume = {35},
  pages = {309--333},
  keyname = {Ruszczynski86}
}

@incollection{sachs2014adaptive,
  title={Adaptive Trust-Region POD Methods in PIDE-Constrained Optimization},
  author={Sachs, Ekkehard W. and Schneider, Marina and Schu, Matthias},
  booktitle={Trends in PDE Constrained Optimization},
  pages={327--342},
  year={2014},
  publisher={Springer International Publishing}
}

@INPROCEEDINGS{Schraudolph07astochastic,
    author = {Nicol N. Schraudolph and Jin Yu and Simon Günter},
    title = {A stochastic Quasi-Newton Method for online convex optimization},
    booktitle = {In Proceedings of 11th International Conference on Artificial Intelligence and Statistics},
    year = {2007}
}

@ARTICLE{schenk2004solving,
  author = {Schenk, O. and G{\"a}rtner, K.},
  title = {Solving unsymmetric sparse systems of linear equations with {PARDISO}},
  journal = {Future Generation Computer Systems},
  year = {2004},
  volume = {20},
  pages = {475--487},
  number = {3},
  publisher = {Elsevier}
}

@ARTICLE{pardiso,
  author = {O. Schenk and K. G{\"a}rtner},
  title = {On fast factorization pivoting methods for symmetric indefinite systems},
  journal = {Elec. Trans. Numer. Anal.},
  year = {2006},
  volume = {23},
  pages = {158--179}
}

@ARTICLE{schenk2007matching,
  author = {Schenk, O. and W{\"a}chter, A. and Hagemann, M.},
  title = {Matching-based preprocessing algorithms to the solution of saddle-point
	problems in large-scale nonconvex interior-point optimization},
  journal = {Computational Optimization and Applications},
  year = {2007},
  volume = {36},
  pages = {321--341},
  number = {2},
  publisher = {Springer}
}

@BOOK{shah2002,
  title = {Market Operations in Electric Power Systems: Forecasting, Scheduling,
	and Risk Management},
  publisher = {Wiley,~New York},
  year = {2002},
  author = {M.~Shahidehpour and H. Yamin and Z. Li}
}

@BOOK{Shapiro_book,
  title = {Lectures on Stochastic Programming: {M}odeling and {T}heory},
  publisher = {MPS/SIAM Series on Optimization 9},
  year = {2009},
  author = {Alexander Shapiro and Darinka Dentcheva and Andrzej Ruszczy{\'n}ski},
  address = {Philadelphia, PA}
}

@article{Srinivasa_12_Analytics,
title={Scalable Analytics -– {A}lgorithms and {S}ystems},
author={Sengamedu, Srinivasan H.},
journal={Big Data Analytics},
year={2012},
month={June},
pages={1--7}
}


@ARTICLE{strazdins,
  author = {P. E. Strazdins and J. G. Lewis},
  title = {An Efficient and Stable Method for Parallel Factorization of Dense
	Symmetric Indefinite Matrices },
  journal = {The 5th International Conference and Exhibition on High Performance
	Computing in the Asia-Pacific Region (HPC Asia 2001)},
  year = {2001},
  month = sep
}

@INPROCEEDINGS{ArevaUC,
  author = {Streiffert, D. and Philbrick, R. and Ott, A.},
  title = {A mixed integer programming solution for market clearing and reliability
	analysis},
  booktitle = {Power Engineering Society General Meeting, 2005. IEEE},
  year = {2005},
  pages = { 2724-2731 Vol. 3},
  month = {June}
}

@Article{Tapia_88_SecantUpd,
  author =       "Richard Tapia",
  title =        "On secant updates for use in general constrained
                 optimization",
  journal =      "Mathematics of Computation",
  volume =       "51",
  number =       "183",
  pages =        "181--202",
  month =        "July",
  year =         "1988"
}

@article{Quoc13,
year={2013},
issn={0926-6003},
journal={Computational Optimization and Applications},
volume={55},
number={1},
doi={10.1007/s10589-012-9515-6},
title={Combining Lagrangian decomposition and excessive gap smoothing technique for solving large-scale separable convex optimization problems},
url={http://dx.doi.org/10.1007/s10589-012-9515-6},
publisher={Springer US},
keywords={Excessive gap; Smoothing technique; Lagrangian decomposition; Proximal mappings; Large-scale problem; Separable convex optimization; Distributed optimization},
author={Tran Dinh, Quoc and Savorgnan, Carlo and Diehl, Moritz},
pages={75-111},
language={English}
}

@article{Tappenden15,
 author = {Tappenden, Rachael and Richt\'{a}rik, Peter and Buke, Burak},
 title = {Separable Approximations and Decomposition Methods for the Augmented {L}agrangian},
 journal = {Optimization Methods Software},
 issue_date = {June 2015},
 volume = {30},
 number = {3},
 month = {May},
 year = {2015},
 issn = {1055-6788},
 pages = {643--668},
 numpages = {26},
 url = {http://dx.doi.org/10.1080/10556788.2014.966824},
 doi = {10.1080/10556788.2014.966824},
 acmid = {2797209},
 publisher = {Taylor \& Francis, Inc.},
 address = {Bristol, PA, USA},
 keywords = {augmented Lagrangian, block coordinate descent methods, iteration complexity, separable approximations},
} 

@article{TeoJennings_89_PathConstraints,
year={1989},
issn={0022-3239},
journal={Journal of Optimization Theory and Applications},
volume={63},
number={1},
doi={10.1007/BF00940727},
title={Nonlinear optimal control problems with continuous state inequality constraints},
url={http://dx.doi.org/10.1007/BF00940727},
publisher={Kluwer Academic Publishers-Plenum Publishers},
keywords={Optimal control; continuous inequality state constraints; computational algorithms; control parametrization},
author={Teo, K.L. and Jennings, L.S.},
pages={1-22},
language={English}
}


@article{Toint_97_NonmonotoneTR,
author={Toint, Philippe L.},
year={1997},
issn={0025-5610},
journal={Mathematical Programming},
volume={77},
number={3},
doi={10.1007/BF02614518},
title={Non-monotone trust-region algorithms for nonlinear optimization subject to convex constraints},
url={http://dx.doi.org/10.1007/BF02614518},
publisher={Springer-Verlag},
keywords={Non-monotone algorithms; Trust regions; Convex constraints},
pages={69-94},
language={English}
}

@article{AhooAmini_12_nonmonotoneTR,
author={Ahookhosh, Masoud and Amini, Keyvan},
year={2012},
issn={1017-1398},
journal={Numerical Algorithms},
volume={59},
number={4},
doi={10.1007/s11075-011-9502-5},
title={An efficient nonmonotone trust-region method for unconstrained optimization},
url={http://dx.doi.org/10.1007/s11075-011-9502-5},
publisher={Springer US},
keywords={Unconstrained optimization; Trust-region methods; Nonmonotone technique; Global convergence},
pages={523-540},
language={English}
}

@article{Ulbrichx2_03_NonmonotoneTR,
author={Ulbrich, M. and Ulbrich, S.},
year={2003},
issn={0025-5610},
journal={Mathematical Programming},
volume={95},
number={1},
doi={10.1007/s10107-002-0343-9},
title={Non-monotone trust region methods for nonlinear equality constrained optimization without a penalty function},
url={http://dx.doi.org/10.1007/s10107-002-0343-9},
publisher={Springer-Verlag},
pages={103-135},
language={English}
}

@ARTICLE{Vanderbei95Quasi,
  author = {Robert J. Vanderbei},
  title = {Symmetric Quasidefinite Matrices},
  journal = {SIAM Journal on Optimization},
  year = {1995},
  volume = {5},
  pages = {100--113},
  number = {1},
  doi = {10.1137/0805005},
  keywords = {matrix factorization, linear programming, interior-point methods},
  publisher = {SIAM}
}

@article{vanderbei1999loqo,
  title={{LOQO}: {A}n interior point code for quadratic programming},
  author={Vanderbei, Robert J},
  journal={Optimization methods and software},
  volume={11},
  number={1-4},
  pages={451--484},
  year={1999},
  publisher={Taylor \& Francis}
}


@ARTICLE{VanslykeWets69,
  author = {R. {Van Slyke} and Roger {J.-B.} Wets},
  title = {{L}-shaped linear programs with applications to control and stochastic
	programming},
  journal = {{SIAM} Journal on Applied Mathematics},
  year = {1969},
  volume = {17},
  pages = {638--663},
  keyname = {VanslykeWets69}
}

@ARTICLE{VlaZenios_99_scalableOpt,
  author = {Vladimirou, H. and Zenios, S.A.},
  title = {Scalable parallel computations for large-scale stochastic programming},
  journal = {Annals of Operations Research},
  year = {1999},
  volume = {90},
  pages = {87-129},
  issn = {0254-5330},
  issue = {0},
  keyword = {Business and Economics},
  publisher = {Springer Netherlands}
}

@ARTICLE{Vorst_92_BiCGStab,
  author = {van der Vorst, H.},
  title = {Bi-{CGSTAB}: A Fast and Smoothly Converging Variant of {B}i-{CG}
	for the Solution of Nonsymmetric Linear Systems},
  journal = {SIAM Journal on Scientific and Statistical Computing},
  year = {1992},
  volume = {13},
  pages = {631-644},
  number = {2},
  doi = {10.1137/0913035},
  eprint = {http://epubs.siam.org/doi/pdf/10.1137/0913035},
  url = {http://epubs.siam.org/doi/abs/10.1137/0913035}
}


@article{waecther_05_ipopt,
author = {Andreas W{\"a}chter and Lorenz T. Biegler},
title = {Line Search Filter Methods for Nonlinear Programming: Motivation and Global Convergence},
journal = {SIAM Journal on Optimization},
volume = {16},
number = {1},
pages = {1-31},
year = {2005},
doi = {10.1137/S1052623403426556}
}



@article{waecther_05_ipopt2,
author = {Andreas W{\"a}chter and Lorenz T. Biegler},
title = {Line Search Filter Methods for Nonlinear Programming: Local Convergence},
journal = {SIAM Journal on Optimization},
volume = {16},
number = {1},
pages = {32-48},
year = {2005},
doi = {10.1137/S1052623403426544}
}

@article{waecther_05_ipopt0,
year={2006},
issn={0025-5610},
journal={Mathematical Programming},
volume={106},
number={1},
doi={10.1007/s10107-004-0559-y},
title={On the implementation of an interior-point filter line-search algorithm for large-scale nonlinear programming},
url={http://dx.doi.org/10.1007/s10107-004-0559-y},
publisher={Springer-Verlag},
keywords={Nonlinear programming; Nonconvex constrained optimization; Filter method; Line search; Interior-point method; Barrier method; 49M37; 65K05; 90C30; 90C51},
author={W{\"a}chter, Andreas and Biegler, Lorenz T.},
pages={25-57},
language={English}
}

@Article{Chiang2016,
author="Chiang, Nai-Yuan and Zavala, Victor M.",
title="An inertia-free filter line-search algorithm for large-scale nonlinear programming",
journal="Computational Optimization and Applications",
year="2016",
volume="64",
number="2",
pages="327--354"
}

@InProceedings{ByrdNoceWalt06,
  author = 	 {R. H. Byrd and J. Nocedal and R.A. Waltz},
  title = 	 {{KNITRO}: An integrated package for nonlinear
                  optimization},
  booktitle = 	 {Large-Scale Nonlinear Optimization},
  editor       = {G. di Pillo and M. Roma},
  publisher    = {Springer},
  pages        = {35--59}, year = 2006,
}

@article{ByrdHansenNocedalSinger_16_stochasticquasiNewton,
author = {R. H. Byrd and S. L. Hansen and Jorge Nocedal and Y. Singer},
title = {A Stochastic Quasi-Newton Method for Large-Scale Optimization},
journal = {SIAM Journal on Optimization},
volume = {26},
number = {2},
pages = {1008-1031},
year = {2016},
doi = {10.1137/140954362},
}

@article{ByrdGilbNoce_00_IPMTR,
year={2000},
issn={0025-5610},
journal={Mathematical Programming},
volume={89},
number={1},
doi={10.1007/PL00011391},
title={A trust region method based on interior point techniques for nonlinear programming},
url={http://dx.doi.org/10.1007/PL00011391},
publisher={Springer-Verlag},
author={Byrd, Richard H. and Gilbert, Jean Charles and Nocedal, Jorge},
pages={149-185},
language={English}
}

@article{ByrdKhalfanSchnabel_96_SR1,
author = {Richard H. Byrd and Humaid Fayez Khalfan and Robert B. Schnabel},
title = {Analysis of a Symmetric Rank-One Trust Region Method},
journal = {SIAM Journal on Optimization},
volume = {6},
number = {4},
pages = {1025-1039},
year = {1996},
doi = {10.1137/S1052623493252985}
}

@Article{ByrdNocedalSchnabel_94_quasiNewtonRepres,
author="Byrd, Richard H. and Nocedal, Jorge and Schnabel, Robert B.",
title="Representations of quasi-Newton matrices and their use in limited memory methods",
journal="Mathematical Programming",
year="1994",
volume="63",
number="1",
pages="129--156",
issn="1436-4646",
doi="10.1007/BF01582063",
url="http://dx.doi.org/10.1007/BF01582063"
}



@article{CurNocWae09,
 author   ={F.E. Curtis and J. Nocedal and A. A. Waechter},
 title    ={A Matrix-free Algorithm for Equality Constrained Optimization
            Problems with Rank-Deficient {J}acobians},
 journal = {SIAM Journal on Optimization},
 volume={20}, 
issue={3}, 
pages={1224-1249}, 
year={2009}
}


@article{WaltzMoralesNocedalOrban_06_lineSearchTR,
year={2006},
issn={0025-5610},
journal={Mathematical Programming},
volume={107},
number={3},
doi={10.1007/s10107-004-0560-5},
title={An interior algorithm for nonlinear optimization that combines line search and trust region steps},
url={http://dx.doi.org/10.1007/s10107-004-0560-5},
publisher={Springer-Verlag},
author={Waltz, R.A. and Morales, J.L. and Nocedal, J. and Orban, D.},
pages={391-408},
language={English}
}


@article{WakiKimKojimaMuramatsu_06_SOS-SDP-Sparsity,
author = {Waki, H. and Kim, S. and Kojima, M. and Muramatsu, M.},
title = {Sums of Squares and Semidefinite Program Relaxations for Polynomial Optimization Problems with Structured Sparsity},
journal = {SIAM Journal on Optimization},
volume = {17},
number = {1},
pages = {218-242},
year = {2006}
}


@INPROCEEDINGS{RyanWets_13_scalableProgrHedg, 
author={S. M. Ryan and R. J. B. Wets and D. L. Woodruff and C. Silva-Monroy and J. P. Watson}, 
booktitle={2013 IEEE Power Energy Society General Meeting}, 
title={Toward scalable, parallel progressive hedging for stochastic unit commitment}, 
year={2013}, 
pages={1-5}, 
doi={10.1109/PESMG.2013.6673013}, 
ISSN={1932-5517}, 
month={July},}

@BOOK{Wilkinson_63_roundingErrors,
  title = {Rounding Errors in Algebraic Processes},
  publisher = {HMSO},
  year = {1963},
  author = {J. H. Wilkinson},
  pages = {vi + 161},
  series = {Notes on Applied Science, No.~32},
  address = {London, UK},
  note = {Also published by Prentice-Hall, Englewood Cliffs, NJ, USA, 1964,
	translated into Polish as {\em Bledy Zaokragle\'{n} w Procesach Algebraicznych\/}
	by PWW, Warsaw, Poland, 1967 and translated into German as {\em Rundungsfehler\/}
	by Springer-Verlag, Berlin, Germany, 1969. Reprinted by Dover Publications,
	New York, 1994.},
  bibsource = {http://www.math.utah.edu/pub/bibnet/authors/w/wilkinson-james-hardy.bib},
  isbn = {0-486-67999-3 (Dover)},
  isbn-13 = {978-0-486-67999-0 (Dover)},
  lccn = {QA76.5 .W53 1964},
  mrclass = {65.80},
  mrnumber = {MR0161456 (28 \#4661)},
  mrreviewer = {A. S. Householder}
}

@ARTICLE{WongFuller_07_pricesStochProg,
author={Wong, S. and Fuller, J.D.},
journal={Power Systems, IEEE Transactions on},
title={Pricing Energy and Reserves Using Stochastic Optimization in an Alternative Electricity Market},
year={2007},
month={May},
volume={22},
number={2},
pages={631-638},
keywords={linear programming;power generation economics;power markets;power transmission economics;stochastic processes;Ontario network;consumer pricing;electrical energy pricing;electricity markets;energy-reserve pricing;hybrid schemes;n-1 contingency methods;reserve dispatch problems;reserve markets;stochastic linear programming model;transmission costing;Availability;Costs;Councils;Economic forecasting;Electricity supply industry;ISO;Load forecasting;Power generation;Pricing;Stochastic processes;$n-1$ contingency criterion;Electricity markets;energy and reserve pricing;operating reserves;stochastic optimization},
doi={10.1109/TPWRS.2007.894867},
ISSN={0885-8950},}

@BOOK{Wright_book,
  title = {Primal-Dual Interior-Point Methods},
  publisher = {Society for Industrial and Applied Mathematics},
  year = {1997},
  author = {Stephen J. Wright},
  address = {Philadelphia, PA},
  isbn = {0-89871-382-X}
}

@article{Wright_15_Coordinate,
year={2015},
issn={0025-5610},
journal={Mathematical Programming},
volume={151},
number={1},
doi={10.1007/s10107-015-0892-3},
title={Coordinate descent algorithms},
url={http://dx.doi.org/10.1007/s10107-015-0892-3},
publisher={Springer Berlin Heidelberg},
keywords={Coordinate descent; Randomized algorithms; Parallel numerical computing; 49M20; 90C25},
author={Wright, StephenJ.},
pages={3-34},
language={English}
}

@article{LiuWright_15_Coordinate,
 author = {Liu, Ji and Wright, Stephen J. and R{\'e}, Christopher and Bittorf, Victor and Sridhar, Srikrishna},
 title = {An Asynchronous Parallel Stochastic Coordinate Descent Algorithm},
 journal = {J. Mach. Learn. Res.},
 issue_date = {January 2015},
 volume = {16},
 number = {1},
 month = jan,
 year = {2015},
 issn = {1532-4435},
 pages = {285--322},
 numpages = {38},
 url = {http://dl.acm.org/citation.cfm?id=2789272.2789282},
 acmid = {2789282},
 publisher = {JMLR.org},
 keywords = {asynchronous parallel optimization, stochastic coordinate descent},
} 

@inproceedings{niu2011hogwild,
  title={Hogwild!: A lock-free approach to parallelizing stochastic gradient descent},
  author={Niu, Feng and Recht, Benjamin and R{\'e}, Christopher and Wright, Stephen J},
  booktitle={Advances in Neural Information Processing Systems 24},
  pages={693--701},
  year={2011}
}
@article{wrightMH98,
author = {Margaret H. Wright},
collaboration = {},
title = {Ill-Conditioning and Computational Error in Interior Methods for Nonlinear Programming},
publisher = {SIAM},
year = {1998},
journal = {SIAM Journal on Optimization},
volume = {9},
number = {1},
pages = {84-111},
keywords = {interior method; primal-dual method; barrier method; constrained optimization},
url = {http://link.aip.org/link/?SJE/9/84/1},
doi = {10.1137/S1052623497322279}
}

@article{wright01,
author = {Stephen J. Wright},
collaboration = {},
title = {Effects of Finite-Precision Arithmetic on Interior-Point Methods for Nonlinear Programming},
publisher = {SIAM},
year = {2001},
journal = {SIAM Journal on Optimization},
volume = {12},
number = {1},
pages = {36-78},
keywords = {primal-dual interior-point algorithms; finite-precision arithmetic; nonlinear programming; constraint qualification},
url = {http://link.aip.org/link/?SJE/12/36/1},
doi = {10.1137/S1052623498347438}
}
 

@article{yoshise2007homogeneous,
  title={A Homogeneous Algorithm for Monotone Complementarity Problems over Symmetric Cones},
  author={Yoshise, A},
  journal={FRONTIERS SCIENCE SERIES},
  volume={49},
  pages={83},
  year={2007},
  publisher={UNIVERSAL ACADEMY PRESS, INC.}
}

@article{lin2007homogeneous,
  title={A homogeneous model for mixed complementarity problems over symmetric cones},
  author={Lin, Yedong and Yoshise, Akiko},
  journal={Vietnam J. Math},
  volume={35},
  pages={541--562},
  year={2007}
}

@ARTICLE{Zavala09Building,
  author = {Victor M. Zavala and Emil M. Constantinescu and T. Krause and Mihai
	Anitescu},
  title = {On-line economic optimization of energy systems using weather forecast
	information},
  journal = {Journal of Process Control},
  year = {2009},
  volume = {19},
  pages = {1725--1736},
  doi = {10.1016/j.jprocont.2009.07.004}
}

@ARTICLE{Zavala08IPMDecomposition,
  author = {Victor M. Zavala and Carl D. Laird and Lorenz T. Biegler},
  title = {Interior-point decomposition approaches for parallel solution of
	large-scale nonlinear parameter estimation problems},
  journal = {Chemical Engineering Science},
  year = {2008},
  volume = {63},
  pages = {4834--4845},
  number = {19},
  issn = {0009-2509}
}

@ARTICLE{ZhZh96,
  author = {Detong Zhang and Yin Zhang},
  title = {A {M}ehrotra-type predictor-corrector algorithm with polynomiality
	and {$Q$}-subquadratic convergence},
  journal = {Ann. Oper. Res.},
  year = {1996},
  volume = {62},
  pages = {131--150},
  fjournal = {Annals of Operations Research},
  issn = {0254-5330},
  mrclass = {90C05},
  mrnumber = {MR1389039 (97a:90025)}
}

@TECHREPORT{Zhang96solvinglarge-scale,
  author = {Yin Zhang},
  title = {Solving Large-Scale Linear Programs by Interior-Point Methods Under
	the {M}ATLAB Environment},
  institution = {University of Maryland Baltimore County},
  year = {1996},
  number = {TR96-01},
  month = {February}
}

@ARTICLE{ZhZh95,
  author = {Yin Zhang and Detong Zhang},
  title = {On the polynomiality of the {M}ehrotra-type predictor-corrector interior
	point algorithms},
  journal = {Mathematical Programming},
  year = {1995},
  volume = {68},
  pages = {303--318},
  number = {3},
  annote = {Yin and Detong}
}

@ARTICLE{Zhao01BendersIPM,
  author = {Gongyun Zhao},
  title = {A log-barrier method with {B}enders decomposition for solving two-stage
	stochastic linear programs},
  journal = {Mathematical Programming},
  year = {2001},
  volume = {90},
  pages = {507--536},
  number = {3}
}

@article{ZhiweiGoldfarb_15_ADMM,
 author = {Qin, Zhiwei Tony and Goldfarb, Donald and Ma, Shiqian},
 title = {An Alternating Direction Method for Total Variation Denoising},
 journal = {Optimization Methods Software},
 issue_date = {June 2015},
 volume = {30},
 number = {3},
 month = may,
 year = {2015},
 issn = {1055-6788},
 pages = {594--615},
 numpages = {22},
 url = {http://dx.doi.org/10.1080/10556788.2014.955100},
 doi = {10.1080/10556788.2014.955100},
 acmid = {2797206},
 publisher = {Taylor \& Francis, Inc.},
 address = {Bristol, PA, USA},
 keywords = {alternating direction method, augmented Lagrangian, split Bregman, total variation denoising, variable splitting},
} 


@article{ZhouChen_10_StructBFGS,
 author = {Zhou, Weijun and Chen, Xiaojun},
 title = {Global Convergence of a New Hybrid Gauss-Newton Structured BFGS Method for Nonlinear Least Squares Problems},
 journal = {SIAM J. on Optimization},
 issue_date = {April 2010},
 volume = {20},
 number = {5},
 month = jun,
 year = {2010},
 issn = {1052-6234},
 pages = {2422--2441},
 numpages = {20},
 url = {http://dx.doi.org/10.1137/090748470},
 doi = {10.1137/090748470},
 acmid = {1958976},
 publisher = {Society for Industrial and Applied Mathematics},
 address = {Philadelphia, PA, USA},
} 

@article{XueSunQi_14_structuredTR,
year={2014},
issn={0926-6003},
journal={Computational Optimization and Applications},
volume={57},
number={2},
doi={10.1007/s10589-013-9597-9},
title={An alternating structured trust region algorithm for separable optimization problems with nonconvex constraints},
url={http://dx.doi.org/10.1007/s10589-013-9597-9},
publisher={Springer US},
keywords={Nonconvex programming; Trust region methods; Alternating direction methods; Separable structure; Filter method},
author={Xue, Dan and Sun, Wenyu and Qi, Liqun},
pages={365-386},
language={English}
}

@ELECTRONIC{,
  owner = {anitescu},
  timestamp = {2013.04.08}
}


@article{Ledoit2004365,
title = "A well-conditioned estimator for large-dimensional covariance matrices ",
journal = "Journal of Multivariate Analysis ",
volume = "88",
number = "2",
pages = "365 - 411",
year = "2004",
note = "",
issn = "0047-259X",
doi = "http://dx.doi.org/10.1016/S0047-259X(03)00096-4",
url = "http://www.sciencedirect.com/science/article/pii/S0047259X03000964",
author = "Olivier Ledoit and Michael Wolf",
}

@article{Haff,
title = "Empirical Bayes Estimation of the Multivariate Normal Covariance Matrix ",
journal = "Annals of Statistics ",
volume = "8",
number = "3",
pages = "586 - 597",
year = "1980",
note = "",
issn = " 0441-62045",
doi = "http://dx.doi.org/10.1214/aos/1176345010",
url = "http://projecteuclid.org/DPubS?service=UI&version=1.0&verb=Display&handle=euclid.aos/1176345010",
author = "L. R. Haff",
}


@article{Stein,
title = "Estimation of a covariance matrix ",
author = "C. Stein",
journal = "Rietz Lecture, 39th Annual Meeting IMS ",
}

@article {Allen283,
	title = {An Ensemble Kalman Filter with a complex marine ecosystem model: Hindcasting phytoplankton in the Cretan Sea},
	journal = {Annales Geophysics},
	number = {20},
	year = {2002},
	pages = {1-13},
	attachments = {http://www.nersc.no/sites/www.nersc.no/files/all02a.pdf},
	author = {Allen, I. J. and Eknes, M. and Evensen, Geir}
}

@article{Ander2001,
title ={An Ensemble Adjustment Kalman Filter for Data Assimilation},
author ={Anderson, Jeffrey L.},
year ={2001},
journal={ Monthly Weather Review},
pages={2884-2903},
voulme ={129},
number={ 12},
issn={0027-0644},
doi="10.1175/1520-0493(2001)129<2884:AEAKFF>2.0.CO;2",
}

@INPROCEEDINGS{Yilun2009, 
author={Yilun Chen and Wiesel, A. and Hero, A.O.}, 
booktitle={Acoustics, Speech and Signal Processing, 2009. ICASSP 2009. IEEE International Conference on}, 
title={Shrinkage estimation of high dimensional covariance matrices}, 
year={2009}, 
pages={2937-2940}, 
keywords={Gaussian processes;covariance matrices;iterative methods;signal processing;Ledoit-Wolf method;Rao-Blackwell theorem;covariance estimation;high dimensional covariance matrices;iterative approach;iterative method;mean-squared error;shrinkage estimation;Ambient intelligence;Array signal processing;Bioinformatics;Convergence;Covariance matrix;Error analysis;Estimation error;Genomics;Iterative methods;Numerical simulation;Rao-Blackwell;Shrinkage;covariance estimation;mean-squared loss}, 
doi={10.1109/ICASSP.2009.4960239}, 
ISSN={1520-6149},}





@MISC{08_20perc_wind,
author = {},
title = {20\% Wind Energy by 2030},
month={July},
year = {2008},
url={http://www.nrel.gov/docs/fy08osti/41869.pdf},
howpublished={\url{http://www.nrel.gov/docs/fy08osti/41869.pdf}}
}

@MISC{PIPSrepo,
author = {Cosmin G. Petra and et. al.},
title = {{PIPS} solvers suite for parallel optimization on high-performance computing platforms},
month={October},
year = {2016},
url={https://github.com/Argonne-National-Laboratory/PIPS},
howpublished={\url{https://github.com/Argonne-National-Laboratory/PIPS}}
}

@MISC{StructJuMPrepo,
author = {Feng Qiang and Miles Lubin and Joey Huchette and Cosmin G. Petra},
title = {{StructJuMP}: a parallel algebraic modeling framework for mathematical optimization},
month={October},
year = {2016},
url={https://www.github.com/StructJuMP},
howpublished={\url{https://www.github.com/StructJuMP}}
}


@MISC{reliability_07,
author = {},
title = {{N}orth {A}merican Electric Reliability Corporation. {R}eliability concepts: discussions about
managing risks, credible contingencies, acceptable performance, timeframes, boundary
conditions, and system operating limits},
year = {2007},
howpublished={\url{http://www.nerc.com/files/concepts_v1.0.2.pdf}}
}

@MISC {03_black_report,
	title = {{U.S. -- Canada} {P}ower {S}ystem {O}utage {T}ask {F}orce: Final Report on the {A}ugust 14, 2003 Blackout in the {U}nited {S}tates and {C}anada: {C}auses and {R}ecommendations},
	year = {2004},
	month = {April},
	institution = {U.S.-Canada Power System Outage Task Force},
	keywords = {Electricity Markets and Policy Group, Transmission System Reliability},
howpublished={\url{http://emp.lbl.gov/sites/all/files/2003-blackout-US-Canada.pdf}}
}

@TECHREPORT{nrel_timedecomp,
  author = {Clayton Barrows and Marissa Hummon and Wesley Jones and Elaine Hale},
  title = {Time Domain Partitioning of Electricity Production Cost Simulations},
  institution = {National Renewable Energy Laboratory NREL/TP-6A20-60969},
  year = {2014},
month={January}
}

@TECHREPORT{examath,
  author = {Jack Dongarra and 
Jeffrey Hittinger  and 
John Bell  and 
Luis Chacon  and 
Robert Falgout  and 
Michael Heroux  and 
Paul Hovland  and 
Esmond Ng  and 
Clayton Webster and 
Stefan Wild },
  title = {Applied Mathematics Research for Exascale Computing},
  institution = {DOE Advanced Scientific Computing Research Program},
  year = {2014},
month={March}
}


@TECHREPORT{exacomp,
  author = {Steve Ashby and  Pete Beckman and   Jackie Chen and   Phil Colella and   Bill 
Collins and   Dona Crawford and   Jack Dongarra and   Doug 
Kothe and   Rusty Lusk and   Paul Messina and  Tony Mezzacappa and   Parviz 
Moin and   Mike Norman and   Robert Rosner and   Vivek 
Sarkar and   Andrew Siegel and   Fred Streitz and   Andy White  and 
Margaret Wright },
  title = {Report on Exascale Computing},
  institution = {DOE ASCAC Subcommittee on Exascale Computing},
  year = {2010},
month={Fall}
}

@MISC {nerc_winter,
	title = {{N}orth {A}merican Electric Reliability Corporation. 2014-–2015 Winter Reliability Assessment},
	year = {2014},
	month = {November},
	institution = {North American Electric Reliability Corporation },
	keywords = {Electricity Markets and Policy Group, Transmission System Reliability},
howpublished={\url{http://www.nerc.com/pa/RAPA/ra/Reliability\%20Assessments\%20DL/2014WRA_final.pdf}}
}

@MISC{niels_topwingpresentation,
author={Niels Aage},
title={Ultra High Resolution Structural Optimization},
institution={Technical University of Denmark},
howpublished={\url{http://www.prace-ri.eu/IMG/pdf/TopWingPres.pdf}},
year = {2016}
}

@Article{FlathWilcoxAkcelikEtAl11,
  Title                    = {Fast Algorithms for {B}ayesian Uncertainty Quantification in Large-Scale Linear Inverse Problems Based on Low-Rank Partial {H}essian Approximations},
  Author                   = {H. Pearl Flath and Lucas C. Wilcox and Volkan Ak\c{c}elik and Judy Hill and Bart van Bloemen Waanders and Omar Ghattas},
  Journal                  = {SIAM Journal on Scientific Computing},
  Year                     = {2011},
  Number                   = {1},
  Pages                    = {407-432},
  Volume                   = {33},

  Doi                      = {10.1137/090780717},
  File                     = {FlathWilcoxAkcelikEtAl11.pdf:FlathWilcoxAkcelikEtAl11.pdf:PDF},
  Keywords                 = {large-scale statistical inverse problem; Bayesian inference; uncertainty quantification; fast algorithms; low-rank approximation; Lanczos; Hessian; convection-diffusion; contaminant transport},
  Publisher                = {SIAM}
}

@InProceedings{BirosGhattas99a,
  Title                    = {Parallel preconditioners for {KKT} systems arising in optimal control of viscous incompressible flows},
  Author                   = {Biros, G. and Ghattas, O.},
  Booktitle                = {Proceedings of Parallel CFD '99, Williamsburg, VA, May 23--26, 1999},
  Year                     = {1999},

  Address                  = {Amsterdam, London, New-York},
  Note                     = {{\small http://www.cs.cmu.edu/$\sim$oghattas}},
  Publisher                = {North Holland},
  Timestamp                = {2007.03.15}
}

@InProceedings{BirosGhattas99f,
  Title                    = {Parallel domain decomposition methods for optimal control of viscous incompressible flows},
  Author                   = {Biros, G. and Ghattas, O.},
  Booktitle                = {Proceedings of Parallel CFD '99},
  Year                     = {1999},

  Address                  = {Williamsburg, VA},
  Month                    = {May},
}

@ARTICLE{balay04pum,
  author = {Balay, S. and Buschelman, K. and Eijkhout, V. and Gropp, W.D. and
	Kaushik, D. and Knepley, M.G. and McInnes, L.C. and Smith, B.F. and
	Zhang, H.},
  title = {{PETSc users manual}},
  journal = {Argonne National Laboratory, Tech. Rep. ANL-95/11-Revision},
  year = {2004},
  volume = {2},
  number = {5},
  owner = {anitescu},
  timestamp = {2009.01.24}
}

@ARTICLE{CVODES,
  author = {A.~C.~Hindmarsh and R.~Serban},
  title = {User Documentation for CVODES, An ODE Solver with Sensitivity Analysis
	Capabilities},
  journal = {LLNL Report UCRL-MA-148813},
  year = {2002}
}





@TECHREPORT{GrKo06,
  author =	 {Joshua D. Griffin and Tamara G. Kolda},
  title =	 {Asynchronous Parallel Generating Set Search For
                  Linearly-Constrained Optimization},
  institution =	 {Sandia National Laboratories, Albuquerque, NM and
                  Livermore, CA},
  year =	 {2006},
  month =	 jul
}

@ARTICLE{GrKo05,
  author =	 {Genetha A. Gray and Tamara G. Kolda},
  title =	 {Algorithm 8xx: {APPSPACK} 4.0: Asynchronous Parallel
                  Pattern Search for Derivative-Free Optimization},
  journal =	 {ACM Transactions on Mathematical Software},
  note =	 {To appear (Accepted Nov. 2005)},
  url =          {http://csmr.ca.sandia.gov/~tgkolda/ref#ACM-TOMS-APPSPACK4}
}

@ARTICLE{SIAM-60358,
  author =	 {Tamara G. Kolda},
  title =	 {Revisiting asynchronous parallel pattern search for
                  nonlinear optimization},
  journal =	 {SIAM Journal on Optimization},
  year =	 {2005},
  volume =	 {16},
  number =	 {2},
  pages =	 {563--586},
  month =	 dec,
  doi =		 {10.1137/040603589},
  url =		 {http://epubs.siam.org/sam-bin/dbq/article/60358},
}


@Article{HoKoTo01,
  author =       {Patricia D. Hough and Tamara G. Kolda and Virginia J. Torczon},
  title =        {Asynchronous Parallel Pattern Search for Nonlinear Optimization},
  journal =      {{SIAM} Journal on Scientific Computing},
  year =         2001,
  volume =       23,
  number =       1,
  pages =        {134--156},
  doi =          {10.1137/S1064827599365823},
  url =          {http://epubs.siam.org/sam-bin/dbq/article/36582}
}
 
@Article{KoTo04,
  author =	 {Tamara G. Kolda and Virginia J. Torczon},
  title =	 {On the convergence of Asynchronous Parallel Pattern Search},
  journal =	 {{SIAM} Journal on Optimization},
  year =	 {2004},
  volume =	 {14},
  number =	 {4},
  pages =	 {939--964},
  doi =		 {10.1137/S1052623401398107},
  url =		 {http://epubs.siam.org/sam-bin/dbq/article/39810}
}
 
 
 
 
@article{babuska_04_review,
author = {BABU\u{S}KA, IVO and BANERJEE, UDAY and OSBORN, JOHN E.},
title = {GENERALIZED FINITE ELEMENT METHODS — MAIN IDEAS, RESULTS AND PERSPECTIVE},
journal = {International Journal of Computational Methods},
volume = {01},
number = {01},
pages = {67-103},
year = {2004},
doi = {10.1142/S0219876204000083}
}

@BOOK{Eriksson96computationaldifferential,
    author = {K. Eriksson and Eriksson Estep and P. Hansbo and C. Johnson},
title = {Computational Differential Equations},
    year = {1996},
  publisher = {Cambridge University Press},
  edition = {Second},
  chaptertitle = {{LAPACK} Users' Guide},
}

@incollection{SotelinoDere_02_parallelFEM,
 author = {Sotelino, E. D. and Dere, Y.},
 chapter = {Parallel and Distributed Finite Element Analysis of Structures},
 title = {Engineering Computational Technology},
 editor = {Topping, Barry H. V. and Bittnar, Zden\^{e}k},
 year = {2002},
 isbn = {1-874672-17-2},
 pages = {221--250},
 numpages = {30},
 url = {http://dl.acm.org/citation.cfm?id=778185.778196},
 acmid = {778196},
 publisher = {Civil-Comp press},
 address = {Edinburgh, UK, UK}
} 

@BOOK{Dolean_book,
  AUTHOR       = "Victorita Dolean AND Pierre Jolivet and Fr\'{e}d\'{e}ric Nataf",
  TITLE        = "An Introduction to Domain Decomposition Methods: Algorithms, Theory, and Parallel Implementation",
  PUBLISHER    = "SIAM",
  YEAR         = 2015
}

@book{BriggsHenson_00_multigrid,
 author = {Briggs, William L. and Henson, Van Emden and McCormick, Steve F.},
 title = {A Multigrid Tutorial: Second Edition},
 year = {2000},
 isbn = {0-89871-462-1},
 publisher = {Society for Industrial and Applied Mathematics},
 address = {Philadelphia, PA, USA},
} 


@misc{mfem-library,
  title={{MFEM}: Modular finite element methods},
  howpublished={\url{www.mfem.org}}
}

@misc{hypre,
 title={{HYPRE}: Scalable Linear Solvers and Multigrid Methods},
howpublished={\url{www.llnl.gov/casc/hypre}}
}